@comment{-*- mode:BibTeX; skk-kutouten-type:en; font-lock-mode:t -*- }
@string{CCU =    "The Cambridge Companion to Utilitarianism"}
@string{CUP =    "Cambridge University Press"}
@string{EAE =    "Encyclopedia of Applied Ethics"}
@string{ESP =    "Encyclopedia of Social Psychology"}
@string{IEE =    "International Encyclopedia of Ethics"}
@string{IEHS =   "The International Encyclopedia of Human Sexuality"}
@string{OUP =    "Oxford Univerisity Press"}
@string{POS =    "Philosophy of Sex"}
@string{PPA =    "Phillsophy \& Public Affairs"}
@string{PUP =    "Princeton Univerisity Press"}

@Book{APA13:DSM,
  author = 	 {{American Psychiatric Association}},
  title = 	 {Diagnostic and Statistical Manual of Mental Disorders},
  publisher = 	 {American Psychiatric Association},
  year = 	 2013,
  edition = 	 {5th}}

@Book{DSM4,
  author = 	 {{American Psychiatric Association}},
  title = 	 {Diagnostic and Statistical Manual of Mental Disorders},
  publisher = 	 {American Psychiatric Association},
  year = 	 2000,
  edition = 	 {4th}}

@Misc{MR06:_beyon_same_sex_marriag,
  author = 	 {{Monthly Review}},
  title = 	 {Beyond Same-Sex Marriage: A New Strategic Vision for All Our Families \& Relationships},
  howpublished = {\emph{Monthly Review}, 8 August 2006. \url{https://mronline.org/2006/08/08/beyond-same-sex-marriage-a-new-strategic-vision-for-all-our-families-relationships/}},
  year = 	 2006}

@Misc{USDJ16:_crime_person_disab,
  author = 	 {{U.S. Department of Justice, Bureau of Justice Statistics}},
  title = 	 {Crime against Persons with Disabilities, 2009–2014},
  howpublished = {Statistical Tables 4, 2016. \url{https://www.bjs.gov/content/pub/pdf/capd0914st.pdf}},
  year = 	 2016}

@Article{ackerman18:_dispr_minor_presen_u,
  author = 	 {Alissa R. Ackerman and Meghan Sacks},
  title = 	 {Disproportionate Minority Presence on U.S. Sex Offender Registries},
  journal = 	 {Justice Policy Journal},
  year = 	 2018,
  volume = 	 16,
  number = 	 2}

@InCollection{adshade17:_sexbot_induc_social_chang,
  author = 	 {Marina Adshade},
  title = 	 {Sexbot-Induced Social Change},
  booktitle = 	 {Robot Sex: Social and Ethical Implications},
  publisher = {MIT Press},
  year = 	 2017,
  editor = 	 {John Danaher and Neil McArthur}}

@Misc{al-othman18:_sex_work_say,
  author = 	 {Hannah Al-Othman},
  title = 	 {Sex Workers Say Tinder Is Shutting Down Their Personal Dating Profiles},
  howpublished = {\emph{BuzzFeed}, 4 November 2018. \url{https://www.buzzfeed.com/hannahalothman/sex-workers-tinder}},
  year = 	 2018}

@Article{albright17:_decreas_human_traff_sex_work_decrim,
  author = 	 {Erin Albright and Kate D'Adamo},
  title = 	 {Decreasing Human Trafficking through Sex Work Decriminalization},
  journal = 	 {AMA Journal of Ethics},
  year = 	 2017,
  volume = 	 {19},
  number = 	 {1},
  note = 	 {\url{https://journalofethics.ama-assn.org/article/decreasing-human-trafficking-through-sex-work-decriminalization/2017-01}}}

@Misc{alexander05:_is_monog_dead,
  author = 	 {Brian Alexander},
  title = 	 {Is Monogamy Dead?},
  howpublished = {\emph{NBC News}, 1 September 2005. \url{https://www.nbcnews.com/id/wbna9117931}},
  year = 	 2005}

@Article{alexander96:_moral_magic_consen_ii,
  author = 	 {Larry Alexander},
  title = 	 {The Moral Magic of Consent (II)},
  journal = 	 {Legal Theory},
  year = 	 1996,
  volume = 	 2}

@Article{ali15:_new_solut_gamer_dilem,
  author = 	 {Rami Ali},
  title = 	 {A New Solution to the Gamer's Dilemma},
  journal = 	 {Ethics and Information Technology},
  year = 	 2015,
  volume = 	 17,
  number = 	 4}

@Misc{allen20:_his_body_doesn_belon_me,
  author = 	 {Jeremy Allen},
  title = 	 {His Body Doesn't Belong to Me},
  howpublished = {\emph{The New York Times}, 4 June 2020. \url{https://www.nytimes.com/2020/06/04/style/coronavirus-dating-a-doctor.html}},
  year = 	 2020}

@Book{allport24:_social_psyc,
  author = 	 {Floyd H. Allport},
  title = 	 {Social Psychology},
  publisher = 	 {Houghton Mifflin},
  year = 	 1924}

@Article{ambler17:_consen_bdsm_facil_role_specif,
  author = 	 {Ambler, James and K. Lee and Ellen M. Klement and  Kathryn R. Loewald and  Tonio Comber and  Evelyn M. Hanson and  Sarah A. Cutler and  Bert Cutler and  Nadine Sagarin and  Brad J.},
  title = 	 {Consensual BDSM Facilitates Role-Specific Altered States of Consciousness: A Preliminary Study},
  journal = 	 {Psychology of Consciousness: Theory, Research, and Practice},
  year = 	 2017,
  volume = 	 4}

@Article{anderson00:_why_commer_surrog_mother_uneth,
  author = 	 {Elizabeth Anderson},
  title = 	 {Why Commercial Surrogate Motherhood Unethically Commodifies Women and Children: Reply to McLachlan and Swales},
  journal = 	 {Health Care Analysis},
  year = 	 2000,
  volume = 	 8}

@Book{anderson11:_monog_gap,
  author = 	 {Eric Anderson},
  title = 	 {The Monogamy Gap: Men, Love and the Reality of Cheating},
  publisher = 	 {Oxford University Press},
  year = 	 2011}

@Misc{anderson19:_more_title_ix_lawsuit_accus_accus,
  author = 	 {Greta Anderson},
  title = 	 {More Title IX Lawsuits by Accusers and Accused},
  howpublished = {Inside Higher Education,  3 October 2019. \url{https://www.insidehighered.com/news/2019/10/03/students-look-federal-courts-challenge-title-ix-proceedings}},
  year = 	 2019}

@Misc{anderson20:_virt_down_onlin_datin,
  author = 	 {Monica Anderson and Emily A. Vogels and Erica Turner},
  title = 	 {The Virtues and Downsides of Online Dating},
  howpublished = {\emph{Pew Research}, 6 February 2020. \url{https://www.pewresearch.org/internet/2020/02/06/the-virtues-and-downsides-of-online-dating/}},
  year = 	 2020}

@Misc{anderson66:_boy_girl_quest_inves,
  author = 	 {David Anderson},
  title = 	 {Boy-Girl Questionnaires Investigated},
  howpublished = {\emph{The New York Times}, 12 June 1966, p. 116. \url{https://www.nytimes.com/1966/06/12/archives/boygirl-questionnaires-investigated.html}},
  year = 	 1966}

@Book{anderson93:_value_ethic_econom,
  author = 	 {Elizabeth Anderson},
  title = 	 {Value in Ethics and Economics},
  publisher = 	 {Harvard University Press},
  year = 	 1993}

@Article{appel10:_sex_right_disab,
  author = 	 {Jacob M. Appel},
  title = 	 {Sex Rights for the Disabled?},
  journal = 	 {Journal of Medical Ethics},
  year = 	 2010,
  volume = 	 36}

@Misc{applebome12:_revel_her_suprem_court_momen,
  author = 	 {Peter Applebome},
  title = 	 {Reveling in Her Supreme Court Moment},
  howpublished = {\emph{The New York Times}, 10 December 2012. \url{https://www.nytimes.com/2012/12/11/nyregion/edith-windsor-gay-widow-revels-in-supreme-court-fight.html}},
  year = 	 2012}

@Book{aquinas20:_summa_theol,
  author = 	 {{Thomas Aquinas}},
  title = 	 {Summa Theologiae},
  publisher = 	 {Benzinger Brothers},
  year = 	 1920,
  note = 	 {trans. Fathers of the English Dominican Province},
  edition = 	 {revised}}

@Book{aquinas55:_summa_gentil,
  author = 	 {{Thomas Aquinas}},
  title = 	 {Summa contra Gentiles},
  publisher = 	 {Hanover House},
  note = 	 {Joseph Kenny, ed.},
  year = 	 1955}

@InCollection{armstrong10:_orgas_coll_hook_relat,
  author = 	 {Elizabeth A. Armstrong and Paula England and Alison C. K. Fogarty},
  title = 	 {Orgasm in College Hookups and Relationships},
  booktitle = 	 {Families as They Really Are},
  publisher = {W.W. Norton},
  year = 	 2010,
  editor = 	 {Barbara Risman}}

@Book{augustine98:_city_god_pagan,
  author = 	 {Augustine},
  title = 	 {The City of God against the Pagans},
  publisher = 	 {Cambridge University Press},
  year = 	 1998,
  note = 	 {ed. and trans. R. W. Dyson}}

@InCollection{augustine98:_excel_marriag,
  author = 	 {Augustine},
  title = 	 {The Excellence of Marriage (\emph{De bono coniugali})},
  booktitle = 	 {Marriage and Virginity},
  publisher = {New City Press},
  year = 	 1998,
  note = 	 {John E. Rotelle, ed., Ray Kearney, trans.}}

@Article{ayala18:_sexual_orien_choic,
  author = 	 {Saray Ayala},
  title = 	 {Sexual Orientation and Choice},
  journal = 	 {Journal of Social Ontology},
  year = 	 2018,
  volume = 	 3,
  number = 	 2}

@Book{ayres05:_straig,
  author = 	 {Ian Ayres and Jennifer Gerarda Brown},
  title = 	 {Straightforward: How to Mobilize Heterosexual Support for Gay Rights},
  publisher = 	 {Princeton University Press},
  year = 	 2005}

@Misc{bailey05:_insid_deep_throat,
  author = 	 {Fenton Bailey and Randy Barbato},
  title = 	 {Inside Deep Throat},
  howpublished = {(Documentary Film)},
  year = 	 2005}

@Misc{ballard20:_millen_are_less_likel_want_monog_relat,
  author = 	 {Jamie Ballard},
  title = 	 {One-third of Americans say their ideal relationship is non-monogamous},
  howpublished = {\emph{YouGov}, 31 January 2020.
  \url{https://today.yougov.com/topics/relationships/articles-reports/2020/01/31/millennials-monogamy-poly-poll-survey-data}},
  year = 	 2020}

@Article{balzarini18:_dimmin_halo_aroun_monog,
  author = 	 {Rhonda N. Balzarini and Erin J. Shumlich and Taylor Kohut and Lorne Campbell},
  title = 	 {Dimming the `Halo' Around Monogamy: Re-assessing Stigma Surrounding Consensually Non-Monogamous Romantic Relationships as a Function of Personal Relationship Orientation},
  journal = 	 {Frontiers of Psychology},
  year = 	 2018,
  volume = 	 29}

@Misc{barone20:_garth_green_comes_clean,
  author = 	 {Joshua Barone},
  title = 	 {Garth Greenwell Comes Clean},
  howpublished = {\emph{The New York Times}, 9 January 2020. \url{https://www.nytimes.com/2020/01/09/books/garth-greenwell-cleanness.html}},
  year = 	 2020}

@Misc{barrett-ibarria17:_bsdm_can_provid_profoun_healin_exper,
  author = 	 {Sofia Barrett-Ibarria},
  title = 	 {BSDM Can Provide Profound Healing Experiences},
  howpublished = {\emph{VICE}, 29 August 2017. \url{https://www.vice.com/en_us/article/nee9yg/bsdm-can-provide-profound-healing-experiences}},
  year = 	 2017}

@Article{barrett14:_disab_mascul,
  author = 	 {Timothy Barrett},
  title = 	 {Disabled Masculinities: A Review and Suggestions for Further Research},
  journal = 	 {Masculinities and Social Change},
  year = 	 2014,
  volume = 	 3,
  number = 	 1}

@Book{barry95:_prost_sexual,
  author = 	 {Kathleen Barry},
  title = 	 {The Prostitution of Sexuality},
  publisher = 	 {NYU Press},
  year = 	 1995,
  note = 	 {（キャスリーン・バリー，『セクシュアリティの性売買: 世界に広がる女性搾取』，井上太一訳，人文書院，2024）}}

@Misc{bauer-wolf19:_lawyer_group_disag_colleg_model_affir_consen,
  author = 	 {Jeremy Bauer-Wolf},
  title = 	 {Lawyers' Group Disagrees on College Model of `Affirmative Consent'},
  howpublished = {\emph{Inside Higher Ed}, 14 August 2019. \url{https://www.insidehighered.com/news/2019/08/14/american-bar-association-tables-new-definition-consent-criminal-sex-assault-cases}},
  year = 	 2019}

@InCollection{bauer06:_how_do_thing_pornog,
  author = 	 {Nancy Bauer},
  title = 	 {How to Do Things with Pornography},
  booktitle = 	 {Reading Cavell},
  publisher = {Routledge},
  year = 	 2006,
  editor = 	 {Sanford Shieh and Alice Crary}}

@InCollection{bauer07:_playg_new_territ,
  author = 	 {R. Bauer},
  title = 	 {Playgrounds and New Territories -- the Potential of BDSM Practices to Queer Genders},
  booktitle = 	 {Safe, Sane and Consensual: Contemporary Perspectives on Sadomasochism},
  publisher = {Palgrave Macmillan},
  year = 	 2007,
  editor = 	 {D. Langdridge and M. Barker}}

@Article{bauer18:_bois_grrrl_meet_their_daddies,
  author = 	 {Robin Bauer},
  title = 	 {Bois and Grrrls Meet Their Daddies and Mommies on Gender Playgrounds: Gendered Age Play in the Les-bi-trans-queer BDSM Communities},
  journal = 	 {Sexualities},
  year = 	 2018,
  volume = 	 21}

@Article{baumeister88:_masoc_escap_self,
  author = 	 {Roy F. Baumeister},
  title = 	 {Masochism as Escape from Self},
  journal = 	 {The Journal of Sex Research},
  year = 	 1988,
  volume = 	 25}

@Misc{bazelon16:_shoul_prost_be_crime,
  author = 	 {Emily Bazelon},
  title = 	 {Should Prostitution Be a Crime?},
  howpublished = {\emph{The New York Times Magazine}},
  year = 	 2016}}

@Article{beall95:_social_const_love,
  author = 	 {Ann Beall and Robert J. Sternberg},
  title = 	 {The Social Construction of Love},
  journal = 	 {Journal of Social and Personal Relationships},
  year = 	 1995,
  volume = 	 12}

@Article{beckman01:_decon_myths,
  author = 	 {Andrea Beckman},
  title = 	 {Deconstructing Myths: The Social Construction of `Sadomasochism' versus `Subjugated Knowledges' of Practitioners of Consensual `SM'},
  journal = 	 {Journal of Criminal Justice and Popular Culture},
  year = 	 2001,
  volume = 	 8}

@Book{bell95:_whore_carniv,
  author = 	 {Shannon Bell},
  title = 	 {Whore Carnival},
  publisher = 	 {Autonomedia},
  year = 	 1995}

@Misc{belluck15:_sex_demen_husban_trial_age,
  author = 	 {Pam Belluck},
  title = 	 {Sex, Dementia and
  a Husband on Trial at Age 78},
  howpublished = {\emph{The New York Times}, 13 April
  2015. \url{https://www.nytimes.com/2015/04/14/health/sex-dementia-and-a-husband-henry-rayhons-on-trial-at-age-78.html}},
  year = 	 2015}

@Article{benedet10:confusing,
  author = 	 {Janine Benedet and Isabel Grant},
  title = 	 {“R v A(J): Confusing Unconsciousness with Autonomy},
  journal = 	 {Criminal Reports (6th)},
  volume = 	 74,
  year = 	 2010}

@Misc{benn19:_we_dont_think_john_finnis,
  author = 	 {Alex Benn and Daniel Taylor},
  title = 	 {We Don't Think John Finnis Should Teach at Oxford University. Here's Why},
  howpublished = {\emph{The Guardian}, 11 January
  2019. \url{https://www.theguardian.com/commentisfree/2019/jan/11/john-finnis-oxford-university-academic-freedom-law}},
  year = 	 2019}

@Book{bentham77:_commen_commen_fragm_gover,
  author = 	 {Jeremy Bentham},
  title = 	 {A Comment on the Commentaries and a Fragment on Government},
  publisher = 	 {Oxford University Press},
  year = 	 1977,
  note = 	 {J.H. Burns and H.L.A. Hart, eds.}}

@Misc{bernstein14:_you_are_rapis,
  author = 	 {David Bernstein},
  title = 	 {YOU Are a Rapist; Yes YOU!},
  howpublished = {\emph{The
      Washington Post}, 23 June
    2014. \url{https://www.washingtonpost.com/news/volokh-conspiracy/wp/2014/06/23/you-are-a-rapist-yes-you/}},
  year = 	 2014}

@Misc{bernstein19:_how_onlyf_chang_sex_work_forev,
  author = 	 {Jacob Bernstein},
  title = 	 {How OnlyFans Changed Sex Work Forever},
  howpublished = { \emph{The New York Times}, 9 February 2019. \url{https://www.nytimes.com/2019/02/09/style/onlyfans-porn-stars.html}},
  year = 	 2019}

@Article{biblarz10:_how_does_gender_paren_matter,
  author = 	 {Timothy J. Biblarz and Judith Stacey},
  title = 	 {How Does the Gender
    of Parents Matter?},
  number = 	 1,
  volume = 	 72,
  journal = 	 {Journal of Marriage and Family},
  year = 	 2010}

@TechReport{black11:_nation_intim_partn_sexual_violen_survey,
  author = 	 {Michele C. Black and  Kathleen C. Basile and Matthew J. Breiding and Sharon G. Smith
and Mikel L. Walters and  Melissa T. Merrick and Jieru Chen and Mark R. Stevens},
  title = 	 {The National Intimate Partner and Sexual Violence Survey: 2010 Summary Report},
  institution =  {Centers for Disease Control and Prevention, National Center for Injury Prevention and Control},
  year = 	 2011,
  note = 	 {\url{https://www.nsvrc.org/sites/default/files/2021-04/NISVS_Report2010-a.pdf}}}

@Article{brongersma90:_boy_lover_their_influen_boys,
  author = 	 {Edward Brongersma},
  title = 	 {Boy-Lovers and Their Influence on Boys: Distorted Research and Anecdotal Observations},
  journal = 	 {Journal of Homosexuality},
  year = 	 1990,
  volume = 	 20,
  number = 	 1}

@Misc{michea18:_can_bdsm_teach_us_what,
  author = 	 {{Michea B}},
  title = 	 {Can BDSM Teach Us What We're Missing on Consent and Bodily Autonomy?},
  howpublished = {\emph{Medium}, 3 October 2018. \url{https://medium.com/@themicheab/can-bdsm-teach-us-what-were-missing-onconsent-and-bodily-autonomy-581c2cf4433f}},
  year = 	 2018,
  note = 	 {2025年現在、著者削除によりアクセス不能}}

@InCollection{baumgardner06:_manif,
  author = 	 {Jennifer Baumgardner and Amy Richards},
  title = 	 {Manifesta: Young Women, Feminism, and the Future},
  booktitle = 	 {The Women's Movement Today: An Encyclopedia of Third-Wave Feminism},
  publisher = {Greenwood},
  year = 	 2006,
  volume = 	 2}

@Article{bedi15:_sexual_racis,
  author = 	 {Sonu Bedi},
  title = 	 {Sexual Racism: Intimacy as a Matter of Justice},
  journal = 	 {The Journal of Politics},
  year = 	 2015,
  volume = 	 77}

@Misc{bell19:_women_are_leadin_porns_lates_reinv,
  author = 	 {Laura Bell},
  title = 	 {Women Are Leading Porn's Latest Reinvention},
  howpublished = {\emph{VICE}, 14 August 2019. \url{https://www.vice.com/en_ca/article/mbmjmy/women-are-leading-porns-latest-reinvention}},
  year = 	 2019}

@Article{benatar02:_two_views_sexual_ethic,
  author = 	 {David Benatar},
  title = 	 {Two Views of Sexual Ethics: Promiscuity, Pedophilia, and Rape},
  journal = 	 {Public Affairs Quarterly},
  year = 	 2002,
  volume = 	 16}

@Article{benn99:_is_sex_moral_special,
  author = 	 {Piers Benn},
  title = 	 {Is Sex Morally Special?},
  journal = 	 {Journal of Applied Philosophy},
  volume = 	 {16},
  number = 	 {3},
  year = 	 1999}

@Book{bennett98:_death_outrag,
  author = 	 {William J. Bennett},
  title = 	 {The Death of Outrage: Bill Clinton and the Assault on American Ideals},
  publisher = 	 {Free Press},
  year = 	 1998}

@Article{beres07:_spont_sexual_consen,
  author = 	 {Melanie A. Beres},
  title = 	 {Spontaneous' Sexual Consent: An Analysis of Sexual Consent Literature},
  journal = 	 {Feminism and Psychology},
  year = 	 2007,
  volume = 	 17}

@Article{bergelson07:_right_be_hurt,
  author = 	 {Vera Bergelson},
  title = 	 {The Right to Be Hurt: Testing the Boundaries of Consent},
  journal = 	 {George Washington Law Review},
  year = 	 2007,
  volume = 	 75}

@Misc{bergner13:_unexc,
  author = 	 {Daniel Bergner},
  title = 	 {Unexcited? There May Be a Pill for That},
  year = 	 2013,
  howpublished = {\emph{The New York Times Magazine}, 22 May 2013.  \url{https://www.nytimes.com/2013/05/26/magazine/unexcited-there-may-be-a-pill-for-that.html}}}

@Article{bernstein99:_whats_wrong_prost,
  author = 	 {Elizabeth Bernstein},
  title = 	 {`What's Wrong with Prostitution? What's Right with Sex Work? Comparing Markets in Female Sexual Labor},
  journal = 	 {Hastings Women's Law Journal},
  year = 	 1999,
  volume = 	 10}

@Article{bilardi11:_job_satis_femal_sex_worker,
  author = 	 {J.E. Bilardi and others},
  title = 	 {The Job Satisfaction of Female Sex Workers Working in Licensed Brothels in Victoria, Australia},
  journal = 	 {Journal of Sexual Medicine},
  year = 	 2011,
  volume = 	 8,
  number = 	 1}

@Misc{bindel10:_truth_porn_indus,
  author = 	 {Julie Bindel},
  title = 	 {The Truth about the Porn Industry},
  howpublished = {\emph{The Guardian}, 2 July 2010. \url{https://www.theguardian.com/lifeandstyle/2010/jul/02/gail-dines-pornography}},
  year = 	 2010}

@Misc{bindel19:_real_face_prost,
  author = 	 {Julie Bindel},
  title = 	 {The Real Face of Prostitution},
  howpublished = {\emph{Truthdig}, 12 June 2019. \url{https://www.truthdig.com/articles/the-real-face-of-prostitution/}},
  year = 	 2019}

@Misc{bishop10:_ask_chris_ryan_ph,
  author = 	 {Ethan Bishop},
  title = 	 {Ask Christopher Ryan, Ph.D: `Is
  Monogamy Natural?' An Interview with `Sex at Dawn' Author},
  howpublished = { \emph{The
    Unbreakable Man Laws}, 29 November
  2010. \url{https://unbreakablemanlaws.com/2010/11/29/ask-christopher-ryan-ph-d-is-monogamy-natural-an-interview-with-sex-at-dawn-author/}},
  year = 	 2010}

@Book{bix00:_juris,
  author = 	 {Brian Bix},
  title = 	 {Jurisprudence: Theory and Context},
  publisher = 	 {Carolina Academic Press},
  year = 	 2000}

@Article{blair19:_trans_exclus_world_datin,
  author = 	 {Karen L. Blair and Rhea Ashley Hoskin},
  title = 	 {Transgender Exclusion from the World of Dating: Patterns of Acceptance and Rejection of Hypothetical Trans Dating Partners as a Function of Sexual and Gender Identity},
  journal = 	 {Journal of Social and Personal Relationships},
  year = 	 2019,
  volume = 	 36}

@Article{bleske-rechek15:_contin_chang_emerg,
  author = 	 {April Bleske-Rechek and Danielle Ryan},
  title = 	 {Continuity and Change in Emerging Adults' Mate Preferences and Mating Orientations},
  journal = 	 {Personality and Individual Differences},
  year = 	 2015,
  volume = 	 72}

@Misc{bloodworth18:_this_is_why_straig_men,
  author = 	 {Adam Bloodworth},
  title = 	 {This Is Why Straight Men Watch Gay Porn},
  howpublished = {\emph{Pink News}, 19 March 2018. \url{https://www.pinknews.co.uk/2018/03/19/gay-porn-why-do-straight-men-watch-gay-porn/}},
  year = 	 2018}

@Article{blow05:_infid_commit_relat_ii,
  author = 	 {A. J. Blow and K. Hartnett},
  title = 	 {Infidelity in Committed Relationships II: A Substantive Review},
  journal = 	 {Journal of Marital and Family Therapy},
  year = 	 2005,
  volume = 	 31}

@Misc{boaz97:_privat_marriag,
  author = 	 {David Boaz},
  title = 	 {Privatize Marriage},
  howpublished = {\emph{Slate}, 25 April 1997.  \url{https://www.cato.org/publications/commentary/privatize-marriage}},
  year = 	 1997}

@Article{bogaert04:_asexual,
  author = 	 {Anthony F. Bogaert},
  title = 	 {Asexuality: Prevalence and Associated Factors in a National Probability Sample},
  journal = 	 {Journal of Sex Research},
  year = 	 2004,
  volume = 	 41,
  number = 	 3}

@Article{boni-saenz15:_sexual_incap,
  author = 	 {Alexander Boni-Saenz},
  title = 	 {Sexuality and Incapacity},
  journal = 	 {Ohio State Law Journal},
  year = 	 2015,
  volume = 	 76}

@Misc{apabooks18:_michael_c,
  author = 	 {{APA Books}},
  title = 	 {Michael C. Seto: On Pedophilia and Sexual Offending Against Children},
  howpublished = {\emph{APA Books Blog}, 3 May 2018. \url{https://blog.apabooks.org/2018/05/03/michael-c-seto-on-pedophilia-and-sexual-offending-against-children/}},
  note = 	 {（2025年現在，サイトのエラーでアクセス不能）},
  year = 	 2018}

@Book{boswell94:_same_sex_union_pre_moder_europ,
  author = 	 {John Boswell},
  title = 	 {Same-Sex Unions in Pre-Modern Europe},
  publisher = 	 {Villard},
  year = 	 1994}

@Article{brett98:_sexual_offen_consen,
  author = 	 {Nathan Brett},
  title = 	 {Sexual Offenses and Consent},
  journal = 	 {Canadian Journal of Law and Jurisprudence},
  year = 	 1998,
  volume = 	 11}

@Article{brian13:_natur_selec_child_ethic_marriag_divor,
  author = 	 {Brian D. Earp and Anders Sandberg and Julian Savulescu},
  title = 	 {Natural Selection, Childrearing, and the Ethics of Marriage (and Divorce): Building a Case for the Neuroenhancement of Human Relationships},
  journal = 	 {Philosophy and Technology},
  year = 	 2013,
  volume = 	 25,
  number = 	 4}

@Misc{brow20:_near_half_u,
  author = 	 {Anna Brown},
  title = 	 {Nearly Half of U.S. Adults Say Dating Has Gotten Harder for Most People in the Last 10 Years},
  year = 	 2020,
  howpublished = {Pew Research Center, 20 August 2020, \url{https://www.pewresearch.org/social-trends/2020/08/20/nearly-half-of-u-s-adults-say-dating-has-gotten-harder-for-most-people-in-the-last-10-years/}}}

@Misc{brown17:_hypoc_logic_behin_repub_plans,
  author = 	 {Elizabeth Nolan Brown},
  title = 	 {The Hypocritical Logic Behind Republican Plans to Ban Online Porn (Unless You Pay \$20)},
  year = 	 2017,
  howpublished = {\emph{Reason.com}, 11 April 2017. \url{https://reason.com/2017/04/11/state-republicans-push-porn-filters/}}}

@Article{brown17:_suicid_risk_bdsm_pract,
  author = 	 {S.L. Brown and J.F. Roush and S.M. Mitchell},
  title = 	 {Suicide Risk among BDSM Practitioners: The Role of Acquired Capability for Suicide},
  journal = 	 {Journal of Clinical Psychology},
  year = 	 2017,
  volume = 	 73}


@Misc{bruenig18:_aziz_ansar_debac,
  author = 	 {Elizabeth Bruenig},
  title = 	 {The Aziz Ansari Debacle Proves It's Time for a New Sexual Revolution},
  howpublished = {\emph{The Washington Post}, 16 January 2018, \url{https://www.washingtonpost.com/opinions/the-aziz-ansari-debacle-proves-its-time-for-a-new-sexual-revolution/2018/01/16/d4d5df94-fb01-11e7-a46b-a3614530bd87_story.html}},
  month = 	 1,
  year = 	 2018}

@Article{bryden00:_redef_rape,
  author = 	 {David P. Bryden},
  title = 	 {Redefining Rape},
  journal = 	 {Buffalo Criminal Law Review},
  year = 	 2000,
  volume = 	 3}

@Article{buchhandler-raphael11:_failur_consen,
  author = 	 {Michael Buchhandler-Raphael},
  title = 	 {The Failure of Consent: Re-Conceptualizing Rape as Sexual Abuse~of Power},
  journal = 	 {Michigan Journal of Gender and Law},
  year = 	 2011,
  volume = 	 18}

@Article{buchhandler-raphael17:_conun_volun_intox_sex,
  author = 	 {Michael Buchhandler-Raphael},
  title = 	 {The Conundrum of Voluntary Intoxication and Sex},
  journal = 	 {Brooklyn Law Review},
  volume = 	 82,
  number = 	 3,
  year = 	 2017}

@Book{bumiller08:_in_abusiv_state,
  author = 	 {Kristin Bumiller},
  title = 	 {In an Abusive State: How Neoliberalism Appropriated the Feminist Movement against Sexual Violence},
  publisher = 	 {Duke University Press},
  year = 	 2008}

@Book{burke87:_reflec_revol_franc,
  author = 	 {Edmund Burke},
  title = 	 {Reflections on the Revolution in France},
  publisher = 	 {Hackett},
  year = 	 1987,
  note = 	 {J. G. A. Pocock, ed.}}

@Article{busby12:_every_breat_you_take,
  author = 	 {Karen Busby},
  title = 	 {Every Breath You Take: Erotic Asphyxiation, Vengeful Wives and Other Enduring Myths in Spousal Sexual Assault Prosecutions},
  journal = 	 {Canadian Journal of Women and the Law},
  year = 	 2012,
  volume = 	 24}

@Misc{buss16:_what_do_you,
  author = 	 {David M. Buss},
  title = 	 {What Do You Consider the Most Interesting Recent [Scientific] News? What Makes It Important?},
  howpublished = {\emph{Edge}, 2016, \url{https://www.edge.org/response-detail/26747}},
  year = 	 2016}

@Article{butler88:_perfor_acts_gender_const,
  author = 	 {Judith Butler},
  title = 	 {Performative Acts and Gender Constitution: An Essay in Phenomenology and Feminist Theory},
  journal = 	 {Theatre Journal},
  year = 	 1988,
  volume = 	 40,
  number = 	 4}

@InCollection{cahill16:_sexual_desir_inequal_possib_trans,
  author = 	 {Ann J. Cahill},
  title = 	 {Sexual Desire, Inequality, and the Possibility of Transformation},
  booktitle = 	 {Body Aesthetics},
  publisher = {Oxford University Press},
  year = 	 2016,
  editor = 	 {Sherri Irvin}}

@Book{cahn10:_red_famil,
  author = 	 {Naomi Cahn and June Carbone},
  title = 	 {Red Families v. Blue Families: Legal Polarization and the Creation of Culture},
  publisher = 	 {Oxford
  University Press},
  year = 	 2010}

@Article{calhoun97:_rape,
  author = 	 {Laurie Calhoun},
  title = 	 {On Rape: A Crime against Humanity},
  journal = 	 {Journal of Social Philosophy},
  year = 	 1997,
  volume = 	 28,
  number = 	 1}

@Book{califia00:_public_sex,
  author = 	 {Patrick Califia},
  title = 	 {Public Sex: The Culture of Radical Sex},
  publisher = 	 {Cleis Press},
  year = 	 2000,
  edition = 	 {2nd}}

@Misc{califia79:_unrav_sexual_fring,
  author = 	 {Pat Califia},
  title = 	 {Unravelling the Sexual Fringe: A Secret Side of Lesbian Sexuality},
  howpublished = 	 {\emph{The Advocate}, 27 December 1979},
  year = 	 1979}

@Article{callander15:_is_sexual_racis_reall_racis,
  author = 	 {D. Callander and C.E. Newman and M. Holt},
  title = 	 {Is Sexual Racism Really Racism? Distinguishing Attitudes toward Sexual Racism and Generic Racism among Gay and Bisexual Men},
  journal = 	 {Archives of Sexual Behavior},
  year = 	 2015,
  key = 	 44,
  volume = 	 7}

o@Article{campo-engelstein16:_rape_hate_crime,
  author = 	 {Lisa Campo-Engelstein},
  title = 	 {Rape as a Hate Crime: An Analysis of New York Law},
  journal = 	 {Hypatia},
  year = 	 2016,
  volume = 	 31,
  number = 	 1}

@Article{calzo17:_paren_sexual_orien_child_psych_well_being,
  author = 	 {Jerel P. Calzo and Vickie M. Mays and Charlotte Björkenstam and Emma Björkenstam and Kyriaki Kosidou and Susan D. Cochran},
  title = 	 {Parental Sexual Orientation and Children's
  Psychological Well-Being: 2013--2015, National Health Interview Survey},
  journal = 	 {Child Development},
  year = 	 2017,
  volume = 	 90}

@Misc{carr16:_i_foun_out,
  author = 	 {Austin Carr},
  title = 	 {I Found Out My
  Secret Internal Tinder Rating and Now I Wish I Hadn't},
  howpublished = {\emph{Fast
    Company}, 11 February 2016.
  \url{https://www.fastcompany.com/3054871/whats-your-tinder-score-insidethe-apps-internal-ranking-system}},
  year = 	 2016}

@Misc{caucus99:_recom_commen_draft_protoc_combat,
  author = 	 {{Human Rights Caucus}},
  title = 	 {Recommendations and Commentary on the Draft Protocol to Combat International Trafficking in Women and Children Supplementary to the Draft Convention on Transnational Organised Crime},
  howpublished = {\url{https://www.hrlawgroup.org/site/programs/traffic}},
  year = 	 1999}

@Article{cawston19:_femin_case_pornog,
  author = 	 {Amanda Cawston},
  title = 	 {The Feminist Case against Pornography: A Review and Re-evaluation},
  journal = 	 {Inquiry},
  year = 	 2019,
  volume = 	 62,
  number = 	 6}

@Misc{cdc08:_public_opinion_breas,
  author = 	 {{CDC}},
  title = 	 {Public Opinion about Breastfeeding, 2018},
  howpublished = {Centres for Disease Control and Prevention. \url{https://www.cdc.gov/breastfeeding-data/public-opinions/index.html}},
  year = 	 2008}

@Misc{center12:_growin_public_suppor_same_sex_marriag,
  author = 	 {{Pew Research Center}},
  title = 	 {Growing Public Support for Same-Sex Marriage},
  howpublished = {7 February 2012. \url{https://www.pewresearch.org/politics/2012/02/07/growing-public-support-for-same-sex-marriage/}},
  year = 	 2012}

@Article{chalmers19:_is_monog_moral_permis,
  author = 	 {Harry Chalmers},
  title = 	 {Is Monogamy Morally Permissible?},
  journal = 	 {The Journal of Value Inquiry},
  year = 	 2019,
  volume = 	 53}

@Article{chamallas88:_consen_equal_legalb,
  author = 	 {Martha Chamallas},
  title = 	 {Consent, Equality, and the Legal Control of Sexual Conduct},
  journal = 	 {Southern California Law Review},
  year = 	 1988,
  volume = 	 61}

@Article{chamallas88:_consen_equal_legal_contr_sexual_conduc,
  author = 	 {Martha Chamallas},
  title = 	 {Consent, Equality, and the Legal Control of Sexual Conduct},
  journal = 	 {Southern California Law Review},
  year = 	 1988,
  volume = 	 61}

@Article{chambers09:_no_you_cant_steal_kiss,
  author = 	 {Timothy Chambers},
  title = 	 {No, You Can't Steal A Kiss},
  journal = 	 {Think},
  year = 	 2009,
  volume = 	 8,
  number = 	 21}

@Article{chambers96:_what_if,
  author = 	 {David L. Chambers},
  title = 	 {What If?: The Legal Consequences of Marriage and the Legal Needs of Lesbian and Gay Male Couples},
  journal = 	 {Michigan Law Review},
  year = 	 1996,
  volume = 	 95}

@Article{chan88:_asian_americ_women,
  author = 	 {C.~S. Chan},
  title = 	 {Asian-American Women: Psychological Responses to Sexual Exploitation and Cultural Stereotypes},
  journal = 	 {Women and Therapy},
  year = 	 1988,
  volume = 	 {6}}

@Article{chancer93:_prost_femin_theor_ambiv,
  author = 	 {Lynn Sharon Chancer},
  title = 	 {Prostitution, Feminist Theory, and Ambivalence: Notes from the Sociological Underground},
  journal = 	 {Social Text},
  year = 	 1993,
  volume = 	 37}

@Misc{chang06:_yellow_fever,
  author = 	 {Vickie Chang},
  title = 	 {Yellow Fever},
  howpublished = {\emph{OC Weekly}, 2 November
  2006. \url{https://www.ocweekly.com/yellow-fever-6403478/}},
  year = 	 2006}

@Misc{chavez87:_woman_says_ruse_trick_her_sex,
  author = 	 {Ken Chavez},
  title = 	 {Woman Says Ruse Tricked Her into Sex},
  howpublished = {Los Angeles Times, 22 April 1987. \url{https://www.latimes.com/archives/la-xpm-1987-04-22-me-112-story.html}},
  year = 	 1987}

@Misc{cheves18:_kink_is_part_my_ident,
  author = 	 {Alexander Cheves},
  title = 	 {Kink Is Part of My Identity -- But Don't Call Me LGBTK},
  howpublished = {\emph{The Advocate}, 14 February 2018. \url{https://www.advocate.com/commentary/2018/2/14/kink-part-my-identity-dont-call-me-lgbtk}},
  year = 	 2018}

@Article{chia06:_how_media_cont,
  author = 	 {S.~. Chia and A.~C. Gunther},
  title = 	 {How Media Contribute to Misperceptions of Social Norms About Sex},
  journal = 	 {Mass Communication and Society},
  year = 	 2006,
  volume = 	 9,
  number = 	 3}

@Misc{children08:_sex_traff_minor,
  author = 	 {{Crimes against Children Research Centre}},
  title = 	 {Sex Trafficking of Minors: How Many Juveniles Are Being Prostituted in the US?},
  howpublished = {Fact Sheet, May 2008 (revised June 2012). \url{https://www.unh.edu/ccrc/sites/default/files/media/2022-02/cv279_fact-sheet-sex-trafficking-bulletin-6-25-12.pdf}},
  year = 	 2008}

@Misc{christakis19:_how_ai_will_rewir_us,
  author = 	 {Nicholas A. Christakis},
  title = 	 {How AI Will Rewire Us},
  howpublished = {\emph{The Atlantic}, April 2019. \url{https://www.theatlantic.com/magazine/archive/2019/04/robots-human-relationships/583204/}},
  year = 	 2019}

@InCollection{christina92:_are_we_havin,
  author = 	 {Greta Christina},
  title = 	 {Are We Having Sex Now or What?},
  booktitle = 	 {The Erotic Impulse: Honoring the Sensual Self},
  year = 	 1992,
  editor = 	 {David Steinberg},
  publisher = 	 {Penguin}}

@Misc{cicero12:_six_myths_kink_bdsm,
  author = 	 {Lyla Cicero},
  title = 	 {Six Myths about Kink/BDSM},
  howpublished = {\emph{Elephant Journal}, 10 October 2012. \url{https://www.elephantjournal.com/2012/10/six-myths-about-kinkbdsm-lyla-cicero/}},
  year = 	 2012}

@Misc{clark-flory10,
  author = 	 {Tracy Clark-Flory},
  howpublished = {Feminist War over Smut Rages On,'' \emph{Salon}, 3 June 2010. \url{https://www.salon.com/2010/06/03/pro_porn_feminists/}},
  year = 	 2010}

@Book{clement20:_seduc,
  author = 	 {Clement Knox},
  title = 	 {Seduction: A History from the Enlightenment to the Present},
  publisher = 	 {Pegasus Books},
  year = 	 2020}

@Misc{cole20:_pornh_conten_purge_has_left,
  author = 	 {Samantha Cole},
  title = 	 {Pornhub's Content Purge Has Left Fetish Creators Wondering What's Next},
  howpublished = {\emph{VICE}, 22 December 2020. \url{https://www.vice.com/en/article/v7mzpj/pornhub-content-deleted-verification}},
  year = 	 2020}

@Misc{cole21:_i_felt_betray,
  author = 	 {Samantha Cole},
  title = 	 {`I Felt Betrayed': OnlyFans Creators Scramble to Adapt to Imminent Ban},
  howpublished = {\emph{VICE}, 20 August 2021. \url{https://www.vice.com/en/article/z3x578/onlyfans-sexually-explicit-content-ban-reactions}},
  year = 	 2021}

@Misc{coleman07:_spous_weddin_solo_vows_not_catch,
  author = 	 {Thomas F. Coleman},
  title = 	 {Spouseless Weddings with Solo Vows Not Catching On},
  howpublished = {\emph{Unmarried America},  23 April 2007. \url{http://www.unmarriedamerica.org/column-one/04-23-07-man-who-married-himself.htm}},
  year = 	 2007}

@Misc{college25:_sexual_offen_preven_polic,
  author = 	 {{Antioch College}},
  title = 	 {Sexual Offense Prevention Policy},
  howpublished = {\url{https://antiochcollege.edu/campus-life/sexual-offense-prevention-policy-title-ix/}},
  year = 	 {n.d.}}

@Article{comfort78:_sexual_idios,
  author = 	 {A. Comfort},
  title = 	 {Sexual Idiosyncrasies: Deviation or Magic?},
  journal = 	 {Journal of Psychiatry},
  year = 	 1978,
  volume = 	 9}

@Misc{committee17:_repor_public_healt_effec_ease,
  author = 	 {{Canadian Parliamentary Committee}},
  title = 	 {Report on the Public Health Effects of the Ease of Access and Viewing of Online Violent and Degrading Sexually Explicit Material on Children, Women and Men},
  howpublished = { Report of the Standing Committee on Health, June 2017, 42nd Parliament, First Session},
  year = 	 2017}

@Misc{commons16:_prost,
  author = 	 {{House of Commons Home Affairs Committee}},
  title = 	 {Prostitution: Third Report of Session 2016--17, HC 26},
  howpublished = {1 July 2016. \url{https://publications.parliament.uk/pa/cm201617/cmselect/cmhaff/26/26.pdf}},
  year = 	 2016}

@Article{conley12:_unfait_indiv_are_less_likel,
  author = 	 {Terri D. Conley and Amy C. Moors and Ali Ziegler and Constantina Karathanasis},
  title = 	 {Unfaithful Individuals Are Less Likely to Practice Safer Sex Than Openly Nonmonogamous Individuals},
  journal = 	 {The Journal of Sexual Medicine},
  year = 	 2012,
  volume = 	 9,
  number = 	 6}

@Article{conley13:_fewer_merrier,
  author = 	 {Terri D. Conley and Amy C. Moors and Jes L. Matsick and Ali Ziegler},
  title = 	 {The Fewer the Merrier?: Assessing Stigma Surrounding Consensually Non-Monogamous Romantic Relationships},
  journal = 	 {Analyses of Social Issues and Public Policy},
  year = 	 2013,
  volume = 	 13,
  number = 	 1}

@Misc{constine19:_instag_now_demot_vaguel_inapp_conten,
  author = 	 {Josh Constine},
  title = 	 {Instagram Now Demotes Vaguely `Inappropriate' Content},
  howpublished = {\emph{Tech Crunch}, 10 April 2019. \url{https://techcrunch.com/2019/04/10/instagram-borderline/}},
  year = 	 2019}

@Misc{cooney18:_aziz_ansar_alleg_has_peopl,
  author = 	 {Samantha Cooney},
  title = 	 {The Aziz Ansari Allegation Has People Talking about `Affirmative Consent.' What's That?},
  howpublished = {Time, 17 January 2018. \url{https://time.com/5104010/aziz-ansari-affirmative-consent/}},
  year = 	 2018}

@Misc{cooper17:_real_conseq_patreon_adult_conten_crack,
  author = 	 {Daniel Cooper},
  title = 	 {The Real Consequences of Patreon's Adult Content Crackdown},
  howpublished = {\emph{Endgadget}, 27 October 2017. \url{https://www.engadget.com/2017-10-27-patreon-adult-content-crowdfunding-uncertainty.html}},
  year = 	 2017}

@InCollection{correa07:_global_persp_sexual_right,
  author = 	 {S. Correa and C. Howe},
  title = 	 {Global Perspectives on Sexual Rights},
  booktitle = 	 {21st Century Sexualities: Contemporary Issues in Health, Education, and Rights},
  publisher = {Routledge},
  year = 	 2007,
  editor = 	 {G. Herdt and C. Howe}}

@Misc{corvo18:_why_i_froze_smiled_durin,
  author = 	 {Jenny Lee Corvo},
  title = 	 {Why I Froze and Smiled During My Sexual Assault},
  howpublished = {\emph{Medium}, 28 September 2018. \url{https://humanparts.medium.com/why-i-silently-froze-and-smiled-during-my-sexual-assault-7bf5d56deebc}},
  year = 	 2018}

@Article{cowan08:_troub_drink,
  author = 	 {Sharon Cowan},
  title = 	 {The Trouble with Drink: Intoxication, (In)Capacity and the Evaporation of Consent to Sex},
  journal = 	 {Akron Law Review},
  year = 	 2008,
  volume = 	 41}

@Article{cowart04:_under_acts_consen,
  author = 	 {Monica R. Cowart},
  title = 	 {Understanding Acts of Consent: Using Speech Act Theory to Help Resolve Moral Dilemmas and Legal Disputes},
  journal = 	 {Law and Philosophy},
  year = 	 2004,
  volume = 	 23,
  number = 	 5}

@Article{coyne09:_sexual_healt_adult_workin_pornog_films,
  author = 	 {K. M. Coyne and others},
  title = 	 {Sexual Health of Adults Working in Pornographic Films},
  journal = 	 {International Journal of STD and AIDS},
  year = 	 2009,
  volume = 	 20}

@Misc{crenshaw89:_demar_inter_race_sex,
  author = 	 {Kimberlé Crenshaw},
  title = 	 {Demarginalizing the Intersection of Race and Sex: A Black Feminist Critique of Antidiscrimination Doctrine, Feminist Theory and Antiracist Politics},
  howpublished = {University of Chicago Legal Forum, University of Chicago Law School},
  year = 	 1989}

@Misc{crichton93:_sexual_correc,
  author = 	 {Sarah Crichton},
  title = 	 {Sexual Correctness: Has It Gone Too Far?},
  howpublished = {\emph{Newsweek}, 25 October 1993 \url{http://users.soc.umn.edu/~samaha/cases/sexual%20correctness.htm}},
  year = 	 1993}

@Article{crookston15:_love_polyg_marriag,
  author = 	 {Emily M. Crookston},
  title = 	 {Love and (Polygamous) Marriage? A Liberal Case Against Polygamy},
  journal = 	 {Journal of Moral Philosophy},
  year = 	 2015,
  volume = 	 12}

@Misc{curlew18:_whats_wrong_no,
  author = 	 {Abigail Curlew},
  title = 	 {What's Wrong with the `No Trans' Dating Preference Debate},
  howpublished = {\emph{VICE}, 23 February  2018. \url{https://www.vice.com/en_ca/article/neq9zx/whats-wrong-with-the-no-trans-dating-preference-debate}},
  year = 	 2018}

@Misc{curry21:_app_store_data,
  author = 	 {David Curry},
  title = 	 {App Store Data (2021)},
  howpublished = {\emph{Business of Apps}, 23 August 2021. \url{https://www.businessofapps.com/data/app-stores/}},
  year = 	 2021}

@Article{curtis19:_we_are_naked_waitr_who_deliv_sex,
  author = 	 {Michael G. Curtis and Carissa D'Aniello and Markie L.C. Twist and Barbara G. Brents and Brandon Eddy},
  title = 	 {We Are Naked Waitresses Who Deliver Sex': A Phenomenological Study of Circumstantial Sex Workers},
  volume = 	 {14},
  journal = 	 {Sexual and Relationship Therapy},
  year = 	 2019}

@Misc{dagger18:_weve_all_been_there,
  author = 	 {Chelsea Dagger},
  title = 	 {We've All Been There: Common NRE Mistakes},
  howpublished = {\emph{Poly for Us}, 14 May 2018. \url{http://polyfor.us/common-nre-mistakes/}},
  year = 	 2018}

@Article{dalton14:_why_is_polyg_more_preval_wester_afric,
  author = 	 {John T. Dalton and Tin Cheuk Leung},
  title = 	 {Why Is Polygyny More Prevalent in Western Africa? An African Slave Trade Perspective},
  journal = 	 {Economic Development and Cultural Change},
  year = 	 2014,
  volume = 	 62,
  number = 	 4}

@Article{dan-cohen00:_basic_values_victim_state_mind,
  author = 	 {Meir Dan-Cohen},
  title = 	 {Basic Values and the Victim's State of Mind},
  journal = 	 {California Law Review},
  year = 	 2000,
  volume = 	 88}

@Misc{danaher13:_some_notes_consen_sexual_offen_part_one,
  author = 	 {John Danaher},
  title = 	 {Some Notes on Consent and Sexual Offences (Part One)},
  howpublished = {\emph{Philosophical Disquisitions}, 8 September 2013. \url{https://philosophicaldisquisitions.blogspot.com/2013/09/some-notes-on-consent-and-sexual.html}},
  year = 	 2013}

@Misc{danaher14:_yes_means_yes,
  author = 	 {John Danaher},
  title = 	 {Yes Means Yes: The Case for an Affirmative Consent Standard in Sexual Offences},
  howpublished = {\emph{Philosophical Disquisitions}, 27 October 2014. \url{http://philosophicaldisquisitions.blogspot.ca/2014/10/yes-means-yes-case-for-affirmative.html}},
  year = 	 2014}

@Article{danaher17:_robot_rape_robot_child_sexual_abuse,
  author = 	 {John Danaher},
  title = 	 {Robotic Rape and Robotic Child Sexual Abuse: Should They Be Criminalised?},
  journal = 	 {Criminal Law and Philosophy},
  year = 	 2017,
  volume = 	 11}

@InCollection{strikwerda17:_legal_moral_implic_child_sex_robot,
  author = 	 {Litska Strikwerda},
  title = 	 {Legal and Moral Implications of Child Sex Robots},
  booktitle = 	 {Robox Sex},
  year = 	 {2017},
  crossref =  {danaher17:_robot_sex}}

@Book{danaher17:_robot_sex,
  editor = 	 {John Danaher and Neil McArthur},
  title = 	 {Robot Sex},
  publisher = 	 {MIT Press},
  year = 	 2017}

@InCollection{danaher17:_shoul_we_be_think_sex_robot,
  author = 	 {John Danaher},
  title = 	 {Should We Be Thinking about Sex Robots?},
  booktitle = 	 {Robot Sex: Social and Ethical Implications},
  publisher = {MIT Press},
  year = 	 2017,
  editor = 	 {John Danaher and Neil McArthur}}


@InCollection{danaher19:_build_better_sex_robot,
  author = 	 {John Danaher},
  title = 	 {Building Better Sex Robots: Lessons from Feminist Pornography},
  booktitle = 	 {AI Love You: Developments in Human-Robot Intimate Relationships},
  publisher = {Springer},
  year = 	 2019,
  editor = 	 {Yuefang Zhou and Martin H. Fischer}}

@InCollection{danaher20:_sexual,
  author = 	 {John Danaher},
  title = 	 {Sexuality},
  booktitle = 	 {The Oxford Handbook of Ethics of AI},
  publisher = {Oxford University Press},
  year = 	 2020,
  editor = 	 {Markus D. Dubber and Frank Pasquale and Sunit Das}}

@InCollection{darling16:_exten_legal_protec_social_robot,
  author = 	 {Kate Darling},
  title = 	 {Extending Legal Protection to Social Robots: The Effects of Anthropomorphism, Empathy, and Violent Behavior Towards Robotic Objects},
  booktitle = 	 {Robot Law},
  publisher = {Edward Elgar},
  year = 	 2016,
  editor = 	 {Ryan Calo and A. Michael Froomkin and Ian Kerr}}

@Book{davidson98:_prost_power_freed,
  author = 	 {Julia O'Connell Davidson},
  title = 	 {Prostitution, Power and Freedom},
  publisher = 	 {University of Michigan Press},
  year = 	 1998}

@Article{davies99:_sexual_desir_discr,
  author = 	 {Stephenie Davies and Jennifer Katz and Joan L. Jackson},
  title = 	 {Sexual Desire Discrepancies: Effects on Sexual and Relationship Satisfaction in Heterosexual Dating Couples},
  journal = 	 {Archives of Sexual Behavior},
  year = 	 1999,
  volume = 	 28}

@Misc{davis19:_compan_ventur_capit_isnt_allow_inves_in,
  author = 	 {Juliyen Davis},
  title = 	 {The Companies Venture Capital Isn't Allowed to Invest In},
  howpublished = { \emph{Super Maker}. \url{https://supermaker.com/articles/the-companies-venture-capital-isnt-allowed-to-invest-in}},
  year = 	 2019}

@Misc{deboer15:_it_time_legal_polyg,
  author = 	 {Fredrik DeBoer},
  title = 	 {It's Time to Legalize Polygamy},
  howpublished = {\emph{Politico}, 26 June 2015. \url{https://www.politico.com/magazine/story/2015/06/gay-marriage-decision-polygamy-119469\#.VZsQaB0ozyA}},
  year = 	 2015}

@Article{decker11:_no_still_means_yes,
  author = 	 {John B. Decker and Peter G. Baroni},
  title = 	 {`No' Still Means `Yes': The Failure of the `Non-Consent' Reform Movement in American Rape and Sexual Assault Law},
  journal = 	 {Journal of Criminal Law and Criminology},
  year = 	 2011,
  volume = 	 101}

@Misc{deighton20:_why_sex_start_face_uphil_paymen_battl,
  author = 	 {Katie Deighton},
  title = 	 {Why Sex Startups Face Uphill Payments Battle},
  howpublished = {\emph{Raconteur}, 10 May 2020. \url{https://www.raconteur.net/finance/payments/sextech-payments/}},
  year = 	 2020}

@Book{demilio97:_intim_matter,
  author = 	 {John D'Emilio and Estelle B. Freedman},
  title = 	 {Intimate Matters: A History of Sexuality in America},
  publisher = 	 {University of Chicago Press},
  year = 	 1997,
  edition = 	 {2nd}}

@Article{denno97:_sexual_rape_mental_retar,
  author = 	 {Deborah Denno},
  title = 	 {Sexuality, Rape, and Mental Retardation},
  journal = 	 {University of Illinois Law Review},
  year = 	 1997,
  volume = 	 3}

@Article{dent99:_defen_tradit_marriag,
  author = 	 {Dent, George W,  Jr.},
  title = 	 {The Defense of
  Traditional Marriage},
  journal = 	 {Journal of Law and Politics},
  year = 	 1999,
  volume = 	 15}

@Misc{department14:_techn_paper,
  author = 	 {{Department of Justice, Government of Canada}},
  title = 	 {Technical Paper: Bill C-36, Protection of Communities and Exploited Persons Act},
  howpublished = {\url{https://www.justice.gc.ca/eng/rp-pr/other-autre/protect/p1.html}},
  year = 	 2014}

@Misc{department21:_us_market,
  author = 	 {{Statista Research Department}},
  title = 	 {U.S. Market Share of Leading Social Media Websites 2021},
  howpublished = {\emph{Statista}, 17 June 2021 \url{https://www.statista.com/statistics/265773/market-share-of-the-most-popularsocial-media-websites-in-the-us/}},
  year = 	 2021}

@Misc{depaulo17:_how_many_americ_want_be_singl,
  author = 	 {Bella DePaulo},
  title = 	 {How Many Americans Want to Be Single? Results of 5 Studies},
  howpublished = {\emph{Psychology Today}, 20 September 2017. \url{https://www.psychologytoday.com/us/blog/living-single/201709/how-many-americans-want-be-single-results-5-studies}},
  year = 	 2017}

@Misc{dershowitz03:_to_fix_gay_dilem_gover,
  author = 	 {Alan Dershowitz},
  title = 	 {To Fix Gay Dilemma, Government Should Quit the Marriage Business},
  howpublished = {\emph{Los Angeles Times}, 3 December 2003. \url{https://www.latimes.com/archives/la-xpm-2003-dec-03-oe-dersh3-story.html}},
  year = 	 2003}

@Misc{devlin15:_in_defen_sex_machin,
  author = 	 {Kate Devlin},
  title = 	 {In Defence of Sex Machines: Why Trying to Ban Sex Robots Is Wrong,},
  howpublished = {\emph{The Conversation}, 17 September 2015. \url{https://theconversation.com/in-defence-of-sex-machines-why-trying-toban-sex-robots-is-wrong-47641}},
  year = 	 2015}

@Book{devlin19:_turned,
  author = 	 {Kate Devlin},
  title = 	 {Turned On: Science, Sex and Robots},
  publisher = 	 {Bloomsbury},
  note = 	 {（ケイト・デヴリン，『ヒトは生成AIとセックスできるか：人工知能とロボットの性愛未来学』，池田尽訳，新潮社，2023）},
  year = 	 2019}

@Book{devlin65:_enfor_moral,
  author = 	 {Patrick Devlin},
  title = 	 {The Enforcement of Morals},
  publisher = 	 {Oxford University Press},
  year = 	 1965}

@Misc{dhapolamay14:_apples_rejec_happy_playt_app,
  author = 	 {Shruti Dhapolamay},
  title = 	 {Apple's Rejection of Happy Playtime App for Female Masturbation Is Hypocritical},
  howpublished = { \emph{First Post}, 22 May 2014. \url{https://www.firstpost.com/tech/news-analysis/apples-rejection-of-happy-playtime-app-for-female-masturbation-is-hypocritical-3651863.html}},
  year = 	 2014}

@Article{dines16:_why_porn_is_public_healt_issue,
  author = 	 {Gail Dines},
  title = 	 {Why Porn Is a Public Health Issue},
  journal = 	 {\emph{Public Health Post}, 28 November 2016. \url{https://www.publichealthpost.org/viewpoints/pornography-public-health-issue/}},
  volume = 	 {28},
  year = 	 2016}

@Misc{dodgson18:_usin_thes_word,
  author = 	 {Lindsay Dodgson},
  title = 	 {Using These Words in Your Dating Profile Will Get You the Most Matches, According to Dating App Badoo},
  year = 	 2018,
  howpublished = {\emph{Insider}, 30 August 2018. \url{https://www.businessinsider.com/words-to-put-in-your-dating-profile-to-get-most-matches-2018-8}}}

@Misc{dominus17:_is_open_marriag_happier_marriag,
  author = 	 {Susan Dominus},
  title = 	 {Is an Open Marriage a Happier
  Marriage?},
  howpublished = {\emph{The New York Times Magazine}, 11 May
  2017.
  \url{https://www.nytimes.com/2017/05/11/magazine/is-an-open-marriage-a-happier-marriage.html}},
  year = 	 2017}

@Misc{doria20:_are_datin_apps_safe_unsaf,
  author = 	 {Nicole Doria},
  title = 	 {Are Dating Apps Safe or Unsafe: That Is the Billion-Dollar Question},
  howpublished = {\emph{OpenThink}, Dalhousie University, 21 August 2020. \url{https://blogs.dal.ca/openthink/are-dating-apps-safe-or-unsafe-that-is-the-billion-dollar-question/}},
  year = 	 2020}

@Article{dotson-blake12:_explor_social_sexual,
  author = 	 {Kylie P. Dotson-Blake and  David Knox and Marty E. Zusman},
  title = 	 {Exploring Social Sexual Scripts Related to Oral Sex: A Profile of College Student Perceptions},
  journal = 	 {The Professional Counselor},
  year = 	 2012,
  volume = 	 2,
  number = 	 1,
  note = 	 { \url{https://files.eric.ed.gov/fulltext/EJ1063151.pdf}}}

@Article{dougherty13:_sex_lies_consen,
  author = 	 {Tom Dougherty},
  title = 	 {Sex, Lies, and Consent},
  journal = 	 {Ethics},
  year = 	 2013,
  volume = 	 123,
  number = 	 4}

@Misc{douthat17:_age_consen_its_discon,
  author = 	 {Ross Douthat},
  title = 	 {The Age of Consent and Its Discontents},
  howpublished = {\emph{The New York Times}, 19 October 2017. \url{https://douthat.blogs.nytimes.com/2017/10/19/the-age-of-consent-and-its-discontents/}},
  year = 	 2017}

@Misc{douthat18:_lets_ban_porn,
  author = 	 {Ross Douthat},
  title = 	 {Let's Ban Porn},
  howpublished = {\emph{The New York Times}, 10 February 2018. \url{https://www.nytimes.com/2018/02/10/opinion/sunday/lets-ban-porn.html}},
  year = 	 2018}

@InCollection{downing07:_beyon_safet,
  author = 	 {Lisa Downing},
  title = 	 {Beyond Safety: Erotic Asphyxiation and the Limits of SM Discourse},
  booktitle = 	 {Safe, Sane and Consensual: Contemporary Perspectives on Sadomasochism},
  publisher = {Palgrave Macmillan},
  year = 	 2007,
  editor = 	 {Darren Langdridge and Meg Barker}}

@Misc{dreher12:_million_shades_of_gross,
  author = 	 {Rod Dreher},
  title = 	 {10 Million Shades Of Gross},
  howpublished = {\emph{The American Conservative}, 25 May 2012. \url{https://www.theamericanconservative.com/dreher/10-million-shades-of-gross/}},
  year = 	 2012}

@Misc{dreher13:_porn_cultur_consen,
  author = 	 {Rod Dreher},
  title = 	 {Porn and a Culture of Consent},
  howpublished = {\emph{American Conservative}, 16 May 2013. \url{https://www.theamericanconservative.com/dreher/porn-a-culture-of-consent/}},
  year = 	 2013}

@Misc{dreher15:_moder_love_age_tind,
  author = 	 {Rod Dreher},
  title = 	 {Modern `Love' in the Age of Tinder},
  howpublished = {\emph{The American Conservative}, 2 May 2015. \url{https://www.theamericanconservative.com/dreher/modern-love-tinder/}},
  month = 	 5,
  year = 	 2015}

@Article{drobac14:_neurob_decis_makin_high_risk,
  author = 	 {J.A. Drobac
  and L.A. Hulvershorn},
  title = 	 {The Neurobiology of Decision Making in High-Risk
  Youth and the Law of Consent to Sex},
  journal = 	 {New Criminal Law Review},
  year = 	 2014,
  volume = 	 17}

@Misc{drugs18:_global_repor_traff_person,
  author = 	 {{United Nations Office on Drugs and Crime}},
  title = 	 {Global Report on Trafficking in Persons 2018},
  howpublished = {United Nations Publication, Sales No. E.19.IV.2. \url{https://www.unodc.org/documents/data-and-analysis/glotip/2018/GLOTiP_2018_BOOK_web_small.pdf}},
  year = 	 2018}


@Misc{dube17:_why_frien_benef,
  author = 	 {Dani-Elle Dubé},
  title = 	 {Why Friends with
  Benefits Are Becoming More Popular Than Traditional Relationships},
  howpublished = {\emph{Global News}, 10 November 2017.
  \url{https://globalnews.ca/news/3855260/why-friends-with-benefits-are-popular/}},
  year = 	 2017}

@Article{duff01:_harms_wrong,
  author = 	 {Robin Antony Duff},
  title = 	 {Harms and Wrongs},
  journal = 	 {Buffalo Criminal Law Review},
  year = 	 2001,
  volume = 	 5,
  number = 	 1}

@Article{duff14:_towar_modes_legal_moral,
  author = 	 {R.A. Duff},
  title = 	 {Towards a Modest Legal Moralism},
  journal = 	 {Criminal Law and Philosophy},
  year = 	 2014,
  volume = 	 8}

@Article{duggan04:_body_image_eatin_disor_drive,
  author = 	 {S. Duggan and D.R. McCreary},
  title = 	 {Body Image, Eating Disorders, and the Drive for Muscularity in Gay and Heterosexual Men: The Influence of Media Images},
  volume = 	 {47},
  journal = 	 {Journal of Homosexuality},
  year = 	 2004}

@Misc{durkheim74:sociology,
  author = 	 {Emile Durkheim},
  year = 	 1974,
  howpublished = {\emph{Sociology and Philosophy}, D. F. Pocock, trans., The Free Press}}

@Book{dworkin06:_is_democ_possib_here,
  author = 	 {Ronald Dworkin},
  title = 	 {Is Democracy Possible Here?: Principles
      for a New Political Debate},
  publisher = 	 {Princeton University Press},
  note = 	 {（ロナルド・ドゥオーキン，『民主主義は可能か：新しい政治的討議のための原則について』，水谷英夫訳，信山社，2016）},
  year = 	 2006}

@Article{dworkin81:_what_is_equal,
  author = 	 {Ronald Dworkin},
  title = 	 {What Is Equality? Part 1: Equality of Welfare},
  journal = 	 {Philosophy and Public Affairs},
  year = 	 1981,
  volume = 	 10}

@Book{dworkin83:_righ_wing_women,
  author = 	 {Andrea Dworkin},
  title = 	 {Right-Wing Women},
  publisher = 	 {Perigee Books},
  year = 	 1983}

@Book{dworkin96:_freed_law,
  author = 	 {Ronald Dworkin},
  title = 	 {Freedom's Law: The Moral Reading of the American Constitution},
  publisher = 	 {Oxford University Press},
  note = 	 {（ロナルド・ドゥウォーキン，『自由の法：米国憲法の道徳的解釈』，石山文彦訳，木鐸社，1999）},
  year = 	 1996}

@Book{earp20:_love_drugs,
  author = 	 {Brian D. Earp and Julian Savulescu},
  title = 	 {Love Drugs: The Chemical Future of Relationships},
  publisher = 	 {Redwood Press},
  year = 	 2020}

@Misc{economist17:_link_between_polyg_war,
  author = 	 {{The Economist}},
  title = 	 {The Link Between Polygamy and War},
  howpublished = {19 December 2017. \url{https://www.economist.com/christmas-specials/2017/12/19/the-link-between-polygamy-and-war}},
  year = 	 2017}

@Misc{economist20:_social_medias_strug_self,
  author = 	 {{The Economist}},
  title = 	 {Social Media's Struggle with Self-censorship},
  howpublished = {24 October 2020. \url{https://www.economist.com/briefing/2020/10/22/social-medias-struggle-with-self-censorship}},
  year = 	 2020}

@Misc{economist21:_onlyf_u_turns_its_porn_ban,
  author = 	 {{The Economist}},
  title = 	 {OnlyFans U-Turns on Its Porn Ban},
  howpublished = {28 August 2021. \url{https://www.economist.com/britain/onlyfans-u-turns-on-its-porn-ban/21803924}},
  year = 	 2021}


@Misc{ederyd13:_you_cant_just_walk_aroun,
  author = 	 {Caisa Ederyd},
  title = 	 {You Can't Just Walk Around Masturbating in Public, Swedish People},
  howpublished = {\emph{VICE}, 23 September 2013. \url{https://www.vice.com/en/article/you-cant-just-walk-around-masturbating-in-public-sweden/}},
  year = 	 2013}

@Misc{edmunds16:_eco_sexual_boast_mastur_water,
  author = 	 {Donna Rachel Edmunds},
  title = 	 {Eco Sexuals' Boast of Masturbating under Waterfalls and F**king Trees to Save The Planet},
  howpublished = {Breitbart, 3 November 2016. \url{https://www.breitbart.com/europe/2016/11/03/bored-of-lgbtqi-try-ecosexuality/}},
  year = 	 2016}

@Misc{egbert15:_bdsm_faq_frequen_asser_quibb,
  author = 	 {C.K. Egbert},
  title = 	 {BDSM FAQ (Frequently Asserted Quibbles): Part 1},
  howpublished = {\emph{Feminist Current}, 23 April 2015. \url{https://www.feministcurrent.com/2015/04/23/bdsm-faq-frequently-asserted-quibbles-part-1/}},
  year = 	 2015}

@Article{ellis04:_porn_again,
  author = 	 {S.R. Ellis and B.W. Whitehead},
  title = 	 {Porn Again: Some Final Considerations},
  journal = 	 {Journal of Homosexuality},
  year = 	 2004,
  volume = 	 47}

@InCollection{ellis13:_porn_again,
  author = 	 {Shannon R. Ellis and Bruce W. Whitehead},
  title = 	 {Porn Again: Some Final Considerations},
  booktitle = 	 {Eclectic Views on Gay Male Pornography: Pornucopia},
  publisher = {Routledge},
  year = 	 2013,
  editor = 	 {Todd Morrison}}

@Misc{emba17:_lets_rethin_sex,
  author = 	 {Christine Emba},
  title = 	 {Let's Rethink Sex},
  howpublished = {\emph{The Washington Post}, 26 November 2017. \url{https://www.washingtonpost.com/gender-identity/lets-rethink-sex/}},
  year = 	 2017}

@Article{emens04:_monog_law,
  author = 	 {Elizabeth F. Emens},
  title = 	 {Monogamy's Law: Compulsory Monogamy and Polyamorous Existence},
  journal = 	 {New York University Review of Law and Social Change},
  year = 	 2004,
  volume = 	 29}

@Article{emens09:_intim_discr,
  author = 	 {Elizabeth F. Emens},
  title = 	 {Intimate Discrimination: The State's Role in the Accidents of Sex and Love},
  journal = 	 {Harvard Law Review},
  volume = 	 {122},
  year = 	 2009}

@Article{endrass09:_consum_inter_child_pornog_violen_sex_offen,
  author = 	 {J. Endrass and others},
  title = 	 {The Consumption of Internet Child Pornography and Violent and Sex Offending},
  journal = 	 {BMC Psychiatry},
  year = 	 2009,
  volume = 	 9}

@Misc{engber15:_stran_case_anna_stubb,
  author = 	 {Daniel Engber},
  title = 	 {The Strange Case of Anna Stubblefield},
  howpublished = {\emph{The New York Times}, 20 October 2015. \url{https://www.nytimes.com/2015/10/25/magazine/the-strange-case-of-anna-stubblefield.html}},
  year = 	 2015}

@Article{evans09:_sexual_person_relat_peopl_intel_disab,
  author = 	 {D.S. Evans and B.E. McGuire and E. Healy and S.N. Carley},
  title = 	 {Sexuality and Personal Relationships for People with Intellectual Disability. Part II: Staff and Family Carer Perspectives},
  journal = 	 {Journal of Intellectual Disability Research},
  year = 	 2009,
  volume = 	 53,
  number = 	 11}

@Misc{facebook25:_commun_stand,
  author = 	 {Facebook},
  title = 	 {Community Standards},
  howpublished = {\url{https://www.facebook.com/communitystandards/}},
  year = 	 {n.d.}}

@Article{fairstein94:_panel_discus_men_women_rape,
  author = 	 {Linda Fairstein},
  title = 	 {Panel Discussion, Men, Women and Rape},
  journal = 	 {Fordham Law Review},
  year = 	 1994,
  volume = 	 64}

@Misc{farley13:_prost_liber_slaver,
  author = 	 {Melissa Farley},
  title = 	 {Prostitution, Liberalism, and Slavery},
  howpublished = {\emph{Logos}, 2013. \url{https://www.prostitutionresearch.com/wp-content/uploads/2014/02/Prostitution-Liberalism-and-Slavery_Melissa-Farley-2013.pdf}},
  year = 	 2013}

@Article{farley18:_risks_prost,
  author = 	 {Melissa Farley},
  title = 	 {Risks of Prostitution: When the Person Is the Product},
  journal = 	 {Journal of the Association for Consumer Research},
  year = 	 2018,
  volume = 	 3,
  number = 	 1}

@Misc{fearnow20:_porn_indus_stars_turn_crypt,
  author = 	 {Benjamin Fearnow},
  title = 	 {Porn Industry Stars Turn to Cryptocurrency to Protect Profits While Fighting for Banking Access},
  howpublished = {\emph{Newsweek}, 28 January 2020. \url{https://www.newsweek.com/porn-industry-stars-cryptocurrency-paypal-profits-bad-press-1484043}},
  year = 	 2020}

@Misc{feder17:_steve_bannon_gay_agend,
  author = 	 {J. Lester Feder},
  title = 	 {Steve Bannon's Gay Agenda},
  howpublished = {\emph{BuzzFeed}, 18 February 2017. \url{https://www.buzzfeednews.com/article/lesterfeder/what-is-steve-bannons-gay-agenda}},
  year = 	 2017}

@Article{feely16:_sexual_surveil_contr_commun_based,
  author = 	 {Michael Feely},
  title = 	 {Sexual Surveillance and Control in a Community-Based Intellectual Disability Service},
  journal = 	 {Sexualities},
  year = 	 2016,
  volume = 	 {5-6}}

@Misc{fein13:_why_sex_is,
  author = 	 {Sienna Jae Fein},
  title = 	 {Why Sex Is No Big Deal},
  howpublished = {\emph{Huffington Post}, 4 March 2013 \url{https://www.huffpost.com/entry/more-sex-why-sex-is-no-big-deal_b_2963762}.},
  month = 	 {March 4},
  year = 	 2013}

@Article{feinberg87:_some_unswep_debris_hart_devlin_debat,
  author = 	 {Joel Feinberg},
  title = 	 {Some Unswept Debris from the Hart-Devlin Debate},
  journal = 	 {Synthese},
  year = 	 1987,
  volume = 	 72,
  number = 	 2}

@Misc{ferguson14:_review_brake,
  author = 	 {Ann Ferguson},
  title = 	 {Review of Brake},
  howpublished = {\emph{hypatia review online}, \url{https://www.hypatiareviews.org/reviews/content/273}},
  year = 	 2014}

@Article{ferguson16:_asses_polic_class_sexual_assaul_repor,
  author = 	 {Claire E. Ferguson and John M. Malouff},
  title = 	 {Assessing
  Police Classifications of Sexual Assault Reports: A Meta-Analysis of False
  Reporting Rates},
  journal = 	 {Archives of Sexual Behavior},
  year = 	 2016,
  volume = 	 45}

@Misc{fessler16:_lot_women_dont,
  author = 	 {Leah Fessler},
  title = 	 {A Lot of Women Don't Enjoy Hookup Culture -- So Why Do We Force Ourselves to Participate?},
  howpublished = {\emph{Quartz}, 17 May 2016, \url{https://qz.com/685852/hookup-culture/}},
  month = 	 5,
  year = 	 2016}

@Misc{fetters11:_new_full_front,
  author = 	 {Ashley Fetters},
  title = 	 {The New Full-Frontal: Has Pubic Hair in America Gone Extinct?},
  howpublished = {\emph{The Atlantic}, 13 December 2011. \url{https://www.theatlantic.com/health/archive/2011/12/the-new-full-frontal-haspubic-hair-in-america-gone-extinct/249798/}},
  year = 	 2011}

@Misc{filipovic12:_moral_case_sex_marr,
  author = 	 {Jill Filipovic},
  title = 	 {The Moral Case for Sex before Marriage},
  howpublished = { \emph{The Guardian}, 24 September 2012. \url{https://www.theguardian.com/commentisfree/2012/sep/24/moral-case-for-sex-before-marriage}},
  year = 	 2012}

@Article{finch06:_break_bound,
  author = 	 {Emily Finch and Vanessa E Munro},
  title = 	 {Breaking Boundaries? Sexual Consent in the Jury Room},
  journal = 	 {Legal Studies},
  year = 	 2006,
  volume = 	 26}

@Article{finger92:_forbid_fruit,
  author = 	 {Anne Finger},
  title = 	 {Forbidden Fruit},
  journal = 	 {New Internationalist},
  year = 	 1992,
  volume = 	 233}

@Article{finnis08:_marriag,
  author = 	 {John Finnis},
  title = 	 {Marriage: A Basic and Exigent Good},
  journal = 	 {The Monist},
  year = 	 2008,
  volume = 	 91,
  number = 	 {3/4}}

@Article{finnis67:_reason_passion,
  author = 	 {John M. Finnis},
  title = 	 {Reason and Passion: The Constitutional Dialectic of Free Speech and Obscenity},
  journal = 	 {University of Pennsylvania Law Review},
  year = 	 1967,
  volume = 	 116}

@Article{fischel10:_per_se_power,
  author = 	 {Joseph J. Fischel},
  title = 	 {Per Se or Power? Age and Sexual Consent},
  journal = 	 {Yale Journal of Law and Feminism},
  year = 	 2010,
  volume = 	 22}

@Misc{fischer13:_purpos_marriag,
  author = 	 {Bryan Fischer},
  title = 	 {Purposes of Marriage: Companionship, Sex, and Children---Gay `Marriage' Strikes Out},
  howpublished = { \emph{Renew America}, 21
  March 2013. \url{http://www.renewamerica.com/columns/fischer/130321}},
  year = 	 2013}

@Misc{flores17:_yes_theres_racis_lgbt_commun,
  author = 	 {Andrew R. Flores},
  title = 	 {Yes, There's Racism in the LGBT Community. But There's More Outside It},
  howpublished = {\emph{The Washington Post}, 7 July 2017. \url{https://www.washingtonpost.com/news/monkey-cage/wp/2017/07/07/yes-there-is-racism-in-the-lgbtq-community-but-not-as-much-as-outside-it/}},
  year = 	 2017}

@Article{flynn14:_legis_person,
  author = 	 {Eilionóir Flynn and Anna Arstein-Kerslake},
  title = 	 {Legislating Personhood: Realising the Right to Support in Exercising Legal Capacity},
  journal = 	 {International Journal of Law in Context},
  year = 	 2014,
  volume = 	 10}

@Book{foucault81:_histor_sexual,
  author = 	 {Michel Foucault},
  title = 	 {The History of Sexuality. Volume I: An Introduction},
  publisher = 	 {Pantheon Books},
  year = 	 1981,
  note = 	 {（ミシェル・フーコー，『性の歴史:1 知への意志』，渡辺守章訳，新潮社，1986）},
  translator = 	 {Robert Hurley, trans.}}

@Misc{fox19:_vibrat_center_tech_sexis_contr,
  author = 	 {Kara Fox},
  title = 	 {Vibrator at Center of Tech Sexism Controversy Gets Its Award Back},
  howpublished = {\emph{CNN}, 9 May 2019. \url{https://www.cnn.com/2019/05/09/tech/ces-sex-toy-award-controversy-scli-intl/index.html}},
  year = 	 2019}

@Misc{frase12:_probl_sex_work,
  author = 	 {Peter Frase},
  title = 	 {The Problem with (Sex) Work},
  howpublished = {\emph{Jacobin Magazine}, March 2012. \url{https://www.jacobinmag.com/2012/03/the-problem-with-sex-work/}},
  year = 	 2012}

@Book{freedman14:_one_hour_paris,
  author = 	 {Karyn L. Freedman},
  title = 	 {One Hour in Paris: A True Story of Rape and Recovery},
  publisher = 	 {The University of Chicago Press},
  year = 	 2014}

@Misc{freitas13:_time_stop_hook_up,
  author = 	 {Donna Freitas},
  title = 	 {Time to Stop Hooking Up. (You Know You Want To.)},
  howpublished = {Washington Post, 29 March 2013, \url{https://www.washingtonpost.com/opinions/time-to-stop-hooking-up-you-know-you-want-to/2013/03/29/87496b66-8cc4-11e2-9f54-f3fdd70acad2_story.html}},
  month = 	 3,
  year = 	 2013}

@Misc{french17:_its_past_time,
  author = 	 {David French},
  title = 	 {It's Past Time to Rethink Modern Sexual Morality},
  howpublished = {\emph{National Review}, 15 October 2017. \url{https://www.nationalreview.com/2017/10/sex-consent-morality-culture-ruined-sexual-revolution/}},
  year = 	 2017}

@Misc{french17:_this_is_how_elite_poison_our_cultur,
  author = 	 {David French},
  title = 	 {This Is How the Elite Poisons Our Culture},
  howpublished = {\emph{National Review}, 12 May 2017. \url{https://www.nationalreview.com/2017/05/new-york-times-magazine-polyamory-elites-nonjudgment-poisons-american-culture/}},
  year = 	 2017}

@Misc{freytas-tamura17:_maker_smart_vibrat_settl_data,
  author = 	 {Kimiko de Freytas-Tamura},
  title = 	 {Maker of `Smart' Vibrators Settles Data Collection Lawsuit for \$3.75 Million},
  howpublished = {\emph{New York Times}, 14 March 2017. \url{https://www.nytimes.com/2017/03/14/technology/we-vibe-vibrator-lawsuit-spying.html}},
  year = 	 2017}

@Misc{friedersdorf15:_case_encour_polyg,
  author = 	 {Conor Friedersdorf},
  title = 	 {The Case against Encouraging Polygamy},
  howpublished = {\emph{The Atlantic}, 9 July 2015. \url{https://www.theatlantic.com/politics/archive/2015/07/case-against-polygamy/397823/}},
  year = 	 2015}

@Misc{friedersdorf16:_how_does_hook,
  author = 	 {Conor Friedersdorf},
  title = 	 {How Does Hookup Culture Affect Sexual Assault on Campus?},
  howpublished = {\emph{The Atlantic}, 28 June 2016, \url{https://www.theatlantic.com/politics/archive/2016/06/how-doeshookup-culture-affect-sexual-assault-on-campus/489098/}},
  year = 	 2016}

@Misc{friedman14:_oh_yes_means_yes,
  author = 	 {Ann Friedman},
  title = 	 {Oh Yes Means Yes: The Joy of Affirmative
  Consent},
  howpublished = {\emph{The Cut}, 2 October
  2014. \url{https://www.thecut.com/2014/10/oh-yes-means-yes-the-joy-of-affirmative-consent.html}},
  year = 	 2014}

@Article{friedman98:_roman_love_person_auton,
  author = 	 {Marilyn Friedman},
  title = 	 {Romantic Love and Personal Autonomy},
  journal = 	 {Midwest Studies in Philosophy},
  year = 	 1998,
  volume = 	 22,
  number = 	 1}

@Misc{gardels18:_franc_fukuy,
  author = 	 {Nathan Gardels},
  title = 	 {Francis Fukuyama: Identity Politics Is Undermining Democracy},
  howpublished = {\emph{The Washington Post}, 18 September 2018. \url{https://www.washingtonpost.com/news/theworldpost/wp/2018/09/18/identity-politics/}},
  year = 	 2018}

@Misc{gardezi16:_cindy_gallop_journ_normal_dialog_aroun_sex,
  author = 	 {Aleena Gardezi},
  title = 	 {Cindy Gallop's Journey to Normalize Dialogue Around Sex},
  howpublished = {\emph{Diverge}, 24 November 2016. \url{http://divergenow.com/news/2016/11/cindy-gallops-journey-open-dialogue-around-sex/}},
  year = 	 2016}

@Article{gardner18:_oppos_rape,
  author = 	 {John Gardner},
  title = 	 {The Opposite of Rape},
  volume = 	 {38},
  number = 	 {1},
  journal = 	 {Oxford Journal of Legal Studies},
  year = 	 2018}

@Misc{gartrell17:_malcol_turnb_makes_conser_case,
  author = 	 {Adam Gartrell},
  title = 	 {Malcolm Turnbull Makes Conservative Case for Same-Sex Marriage at `Yes' Launch},
  howpublished = {\emph{The Sydney Morning Herald}, 10 September 2017. https://www.smh.com.au/politics/federal/malcolm-turnbull-makes-conservative-case-for-samesex-marriage-at-yes-launch-20170910gyed86.html},
  year = 	 2017}

@Article{geach08:_lying_body,
  author = 	 {Mary Catherine Geach},
  title = 	 {Lying with the Body},
  journal = 	 {The Monist},
  year = 	 2008,
  volume = 	 91,
  number = 	 {3-4}}

@Article{george19:_alcoh_sexual_healt_behav,
  author = 	 {W.H. George},
  title = 	 {Alcohol and Sexual Health Behavior: What We Know and How We Know It},
  journal = 	 {Journal of Sex Research},
  year = 	 2019,
  volume = 	 56}

@Book{george93:_makin_men_moral,
  author = 	 {Robert P. George},
  title = 	 {Making Men Moral: Civil Liberties and Public Morality},
  publisher = 	 {Clarendon Press},
  year = 	 1993}

@Article{gerlach19:_predic_valid_adjus,
  author = 	 {Tanja M Gerlach and Ruben C Arslan and Thomas Schultze and Selina K Reinhard and Lars Penke},
  title = 	 {Predictive Validity and Adjustment of Ideal Partner Preferences across the Transition into Romantic Relationships},
  journal = 	 {Journal of Personality and Social Psychology},
  year = 	 2019,
  volume = 	 116,
  number = 	 2}

@book{gill15:_alread_doing_it,
  author = 	 {Michael Gill},
  title = 	 {Already Doing It: Intellectual Disability and Sexual Agency},
  publisher = {University of Minnesota Press},
  year = 	 2015}

@InCollection{gillespie95:_where_do_we_stand_pornog,
  author = 	 {Marcia Ann Gillespie and Gloria Jacobs and Marilyn French and Ntozake Shange and Andrea Dworkin and Norma Ramos},
  title = 	 {Where Do We Stand on Pornography? A \emph{Ms.} Roundtable},
  booktitle = 	 {Debating Sexual Correctness: Pornography, Sexual Harassment, Date Rape, and the Politics of Sexual Equality},
  publisher = {Delta},
  year = 	 1995}

@Article{glauser11:_how_talk_patien_sti_screen,
  author = 	 {W. Glauser},
  title = 	 {How to Talk to Patients about STI Screening},
  journal = 	 {Medical Post},
  year = 	 2011,
  volume = 	 47,
  number = 	 7}

@Misc{glickman11:_bdsm_rape,
  author = 	 {Charlie Glickman},
  title = 	 {BDSM \& Rape: What Now?},
  howpublished = {CharlieGlickman.com, 11 August 2011. \url{https://charlieglickman.com/bdsm-rape-what-now/}},
  year = 	 2011}

@Misc{glover18:_its_time_recen_kink_bdsm,
  author = 	 {Cameron Glover},
  title = 	 {It's Time to Recenter Kink and BDSM as Part of Radical Queer History},
  howpublished = { \emph{Slate}, 7 November 2018. \url{https://slate.com/human-interest/2018/11/kink-bdsm-radical-queer-history.html}},
  year = 	 2018}

@Misc{goldman14:_marriag_love,
  author = 	 {Emma Goldman},
  title = 	 {Marriage and Love},
  howpublished = {\url{https://www.marxists.org/reference/archive/goldman/works/1914/marriage-love.htm}},
  year = 	 1914}

@Misc{good20:_twitc_has_new_nudit_rules_theyr_detail,
  author = 	 {Owen S. Good},
  title = 	 {Twitch Has New Nudity Rules, and They're Detailed},
  howpublished = { \emph{Polygon}, 8 April 2020. \url{https://www.polygon.com/2020/4/8/21213503/twitch-nudity-policy-banned-streamers-new-guidelines}},
  year = 	 2020}

@Article{goodman09:_protec_party_girl,
  author = 	 {Christine Chambers Goodman},
  title = 	 {Protecting the Party Girl: A New Approach for Evaluating Intoxicated Consent},
  journal = 	 {Brigham Young University Law Review},
  year = 	 2009,
  volume = 	 57}

@Misc{grant16:_amnes_inter_calls_end_nordic,
  author = 	 {Melissa Gira Grant},
  title = 	 {Amnesty International Calls for an End to the `Nordic Model' of Criminalizing Sex Workers},
  howpublished = {\emph{The Nation}, 26 May 2016. \url{https://www.thenation.com/article/archive/amnesty-international-calls-for-an-end-to-the-nordic-model-of-criminalizing-sex-workers/}},
  year = 	 2016}

@Article{grau06:_etern_sunsh_spotl_mind_moral_memor,
  author = 	 {Christopher Grau},
  title = 	 {Eternal Sunshine of the Spotless Mind and the Morality of Memory},
  journal = 	 {Journal of Aesthetics and Art Criticism},
  year = 	 2006,
  volume = 	 64,
  number = 	 1}

@Misc{green17:_how_crimin_inces,
  author = 	 {Stuart P. Green},
  title = 	 {How to Criminalize Incest},
  howpublished = {\url{https://ssrn.com/abstract=2967280}},
  year = 	 2017}

@Misc{green17:_to_be_effec,
  author = 	 {Lydia Green},
  title = 	 {To Be Effective, Social Change Must Be Implemented on a Large Scale},
  howpublished = {\emph{The Tartan}, 8 October 2017. \url{https://thetartan.org/2017/10/9/forum/social-change}},
  year = 	 2017}

@Article{greer98:_method_conduc_therap_session_mdma,
  author = 	 {George R. Greer and Requa Tolbert},
  title = 	 {A Method of Conducting Therapeutic Sessions with MDMA},
  journal = 	 {Journal of Psychoactive Drugs},
  year = 	 1998,
  volume = 	 30,
  number = 	 4}

@Misc{grierson20:_gover_consid_law_curb_use,
  author = 	 {Jamie Grierson},
  title = 	 {Government Considers Law to Curb Use of `Rough Sex' Defence},
  howpublished = {\emph{The Guardian}, 2 March 2020. \url{https://www.theguardian.com/society/2020/mar/03/government-considers-law-curb-use-rough-sex-defence}},
  year = 	 2020}

@Article{griffith13:_pornog_actres,
  author = 	 {J.D. Griffith and others},
  title = 	 {Pornography Actresses: An Assessment of the `Damaged Goods' Hypothesis},
  journal = 	 {Journal of Sex Research},
  year = 	 2013,
  volume = 	 50,
  number = 	 7}

@Article{griggs03:_plur_ignor_hook_up,
  author = 	 {Tracy Lambert Griggs and Arnold S Kahn and Kevin J Apple},
  title = 	 {Pluralistic Ignorance and Hooking Up},
  journal = 	 {The Journal of Sex Research},
  year = 	 2003,
  volume = 	 40,
  number = 	 2}

@Article{grudzen01:_compar_mental_healt_femal_adult,
  author = 	 {Corita R Grudzen and Daniella Meeker and Jacqueline M Torres and Qingling Du and R Sean Morrison and Ronald M Andersen and Lillian Gelberg},
  title = 	 {Comparison of the Mental Health of Female Adult Film Performers and Other Young Women in California},
  journal = 	 {Psychiatric Services},
  year = 	 2001,
  volume = 	 62}

@Misc{gutis89:_small_steps_accep_renew_debat_gay_marriag,
  author = 	 {Philip S. Gutis},
  title = 	 {Small Steps toward Acceptance Renew Debate on Gay Marriage},
  howpublished = {\emph{The New York Times}, 5 November 1989, p. 24.},
  year = 	 1989}

@InCollection{gutiu16:_robot_consen,
  author = 	 {Sinziana Gutiu},
  title = 	 {The Roboticization of Consent},
  booktitle = 	 {Robot Law},
  publisher = {Edward Elgar},
  year = 	 2016,
  editor = 	 {Ryan Calo and A. Michael Froomkin and Ian Kerr}}


@Misc{haag13:_unqueer_world,
  author = 	 {Pamela Haag},
  title = 	 {The UnQueered World: Take a Walk on the Mild Side},
  howpublished = {\emph{Big Think}, 26 January 2013.  \url{https://bigthink.com/harpys-review/the-unqueered-world-take-a-walk-on-the-mild-side}},
  year = 	 2013}

@Misc{haas17:_chines_man_marries_robot_he_built_himsel,
  author = 	 {Benjamin Haas},
  title = 	 {Chinese Man `Marries' Robot He Built Himself},
  howpublished = {The Guardian, 4 April 2017. \url{https://www.theguardian.com/world/2017/apr/04/chinese-man-marries-robot-built-himself}},
  year = 	 2017}

@Misc{haeberle16:_parap,
  author = 	 {Erwin J. Haeberle},
  year = 	 2016,
  title = 	 {`Paraphilia'--A Prescientific Concept:Some Comments on a Current Debate},
  howpublished = {\url{http://www.sexarchive.info/BIB/paraphiliapre.htm}}}

@Article{hald13:_pornog_sexis_attit_among_heter,
  author = 	 {Gert Martin Hald and Neil N. Malamuth and Theis Lange},
  title = 	 {Pornography and Sexist Attitudes Among Heterosexuals},
  journal = 	 {Journal of Communication},
  year = 	 2013,
  volume = 	 63,
  number = 	 4}

@Misc{hall14:_is_one_most_cited_statis,
  author = 	 {Chris Hall},
  title = 	 {Is One of the Most-Cited Statistics about Sex Work Wrong?},
  howpublished = { \emph{The Atlantic}, 5 September 2014. \url{https://www.theatlantic.com/business/archive/2014/09/is-one-of-the-most-cited-statistics-about-sex-work-wrong/379662/}},
  year = 	 2014}

@Article{halley15:_tradin_megap_gavel_title_ix_enfor,
  author = 	 {Janet Halley},
  title = 	 {Trading the Megaphone for the Gavel in Title
  IX Enforcement: Backing Off the Hype in Title IX Enforcement},
  journal = 	 {Harvard Law Review},
  volume = 	 {125},
  year = 	 2015}

@Article{hallfors05:_which_comes_first_adoles,
  author = 	 {Denise D Hallfors and Martha W Waller and Daniel Bauer and Carol A Ford and Carolyn T Halpern},
  title = 	 {Which Comes First in Adolescence? Sex and Drugs or Depression?},
  journal = 	 {American Journal of Preventive Medicine},
  year = 	 2005,
  volume = 	 29}

@Misc{hancock07:_truth_lying_onlin_datin_profil,
  author = 	 {Jeffrey T Hancock and Catalina Toma and Nicole B Ellison},
  title = 	 {The Truth about Lying in Online Dating Profiles},
  howpublished = {CHI '07: Proceedings of the SIGCHI Conference on Human Factors in Computing Systems,  April 2007, pp. 449–452},
  year = 	 2007}

@Article{hanna01:_sex_is_not_sport,
  author = 	 {Cheryl Hanna},
  title = 	 {Sex Is Not a Sport: Consent and Violence in Criminal Law},
  journal = 	 {Boston College Law Review},
  year = 	 2001,
  volume = 	 42}

@Misc{hanson18:_two_types_envy,
  author = 	 {Robin Hanson},
  title = 	 {Two Types of Envy},
  howpublished = {\emph{Overcoming Bias}, 26 April 2018. \url{http://www.overcomingbias.com/2018/04/two-types-of-envy.html}},
  year = 	 2018}

@Misc{harman20:_rough_sex_gone_wrong_defen,
  author = 	 {Harriet Harman},
  title = 	 {The `Rough Sex Gone Wrong' Defense Is Allowing Men to Literally Get Away with Murder},
  howpublished = {\emph{Newsweek}, 30 January 2020. \url{https://www.newsweek.com/rough-sex-defense-menget-away-murder-1484850}},
  year = 	 2020}

@Misc{harney09:_herbiv_dilem,
  author = 	 {Alexandra Harney},
  title = 	 {The Herbivore's Dilemma: Japan Panics about the Rise of `Grass-Eating Men,' Who Shun Sex, Don't Spend Money, and Like Taking Walks},
  howpublished = {\emph{Slate}, 15 June 2009. \url{https://slate.com/news-and-politics/2009/06/japan-panics-about-the-rise-of-herbivores-young-men-who-shun-sex-don-t-spend-money-and-like-taking-walks.html}},
  year = 	 2009}

@Misc{harris1969,
  author = 	 {{Harris v. State}},
  howpublished = {457 P.2d 638},
  year = 	 1969}

@Misc{harris20:_bad_vibrat,
  author = 	 {Samantha Harris and Michael Thad Allen},
  title = 	 {Bad Vibrations: The Lies
  Universities Tell Their Students about Sex},
  howpublished = {\emph{Quillette}, 17 June 2020.
  \url{https://quillette.com/2020/06/17/bad-vibrations-the-lies-universities-tell-their-students-about-sex/}},
  year = 	 2020}

@Article{hartley12:_polit_liber_marriag_famil,
  author = 	 {Christie Hartley and Lori Watson},
  title = 	 {Political Liberalism, Marriage and the Family},
  journal = 	 {Law and Philosophy},
  year = 	 2012,
  volume = 	 31,
  number = 	 2}

@InCollection{hatfield12:_cultur_social_gender,
  author = 	 {E. Hatfield and  E.S.S. Hutchison and  L. Bensman and  D.M. Young and R.L. Rapson},
  title = 	 {Cultural, Social, and Gender Influences on Casual Sex: New Developments},
  booktitle = 	 {Social Psychology: New Developments},
  publisher = {Nova Science Publishers},
  year = 	 2012,
  editor = 	 {Jan M. Turner and Andrew D. Mitchell}}

@Article{haupert17:_preval_exper_consen_nonmon_relat,
  author = 	 {M. L. Haupert and Amanda N. Gesselman and Amy C. Moors and Helen E. Fisher and Justin R. Garcia},
  title = 	 {Prevalence of Experiences with Consensual Nonmonogamous Relationships: Findings from Two National Samples of Single Americans},
  journal = 	 {Journal of Sexual and Marital Therapy},
  year = 	 2017,
  volume = 	 43,
  number = 	 5}

@Article{henderson93:_gettin_know,
  author = 	 {Lynne Henderson},
  title = 	 {Getting to Know: Honoring Women in Law and in Fact},
  journal = 	 {Texas Journal of Women and Law},
  year = 	 1993,
  volume = 	 2}

@Article{hennessy93:_queer_theor,
  author = 	 {Rosemary Hennessy},
  title = 	 {Queer Theory: A Review of Differences Special Issue and Wittig's The Straight Mind},
  journal = 	 {Signs: Journal of Women in Culture and Society},
  year = 	 1993,
  volume = 	 18,
  number = 	 4}

@Misc{hergovich17:_stren_absen_ties,
  author = 	 {Philipp Hergovich and Josue Ortega},
  title = 	 {The Strength of Absent Ties: Social Integration via Online Dating},
  howpublished = {\url{https://arxiv.org/pdf/1709.10478.pdf}},
  year = 	 2017}

@InCollection{herman02:_could_it_be_worth_think,
  author = 	 {Barbara Herman},
  title = 	 {Could It Be Worth Thinking about Kant on Sex and Marriage?},
  booktitle = 	 {A Mind of One's Own: Feminist Essays on Reason and Objectivity},
  publisher = {Westview Press},
  year = 	 2002,
  editor = 	 {Louise M. Antony and Charlotte E. Witt}}

@Book{hernández02:_colon_this,
  editor = 	 {Daisy Hernández and Bushra Rehman},
  title = 	 {Colonize This! Young Women of Color on Today's Feminism},
  publisher = 	 {Seal Press},
  year = 	 2002}

@Book{heywood06:_women_movem_today,
  editor = 	 {Leslie L. Heywood},
  title = 	 {The Women's Movement Today: An Encyclopedia of Third-Wave Feminism},
  publisher = 	 {Greenwood},
  year = 	 2006}

@Misc{hinsliff15:_consen_is_not_enoug,
  author = 	 {Gaby Hinsliff},
  title = 	 {Consent Is Not Enough: If You Want a Sexual Partner, Look for Enthusiasm},
  howpublished = {\emph{The Guardian}, 29 January 2015. \url{https://www.theguardian.com/commentisfree/2015/jan/29/rape-consent-sexual-partner-enthusiasm}},
  year = 	 2015}

@Misc{hobbes17:_toget_alone,
  author = 	 {Michael Hobbes},
  title = 	 {Together Alone: The Epidemic of Gay  Loneliness},
  howpublished = {\emph{Huffington Post}, 2 March 2017.  \url{https://highline.huffingtonpost.com/articles/en/gay-loneliness/}},
  year = 	 2017}

@InCollection{hollomotz10:_vulner_adult,
  author = 	 {A. Hollomotz},
  title = 	 {Vulnerable Adults? The Social Creation of Risk to Sexual Violence},
  booktitle = 	 {Sex and Disability: Politics, Identity and Access},
  publisher = {The Disability Press},
  year = 	 2010,
  editor = 	 {R. Shuttleworth and T. Sanders}}

@Article{holvoet17:_fifty_shades_belgian_gray,
  author = 	 {L. Holvoet and W. Huys and V. Coppens},
  title = 	 {Fifty Shades of Belgian Gray: The Prevalence of BDSM-Related Fantasies and Activities in the General Population},
  journal = 	 {Journal of Sexual Medicine},
  year = 	 2017,
  volume = 	 14}

@Book{hopcke91:_jung_jungian_homos,
  author = 	 {Robert H. Hopcke},
  title = 	 {Jung, Jungians and Homosexuality},
  publisher = 	 {Shambhala Publications Inc.},
  year = 	 1991}

@Article{hopkins94:_rethin_sadom,
  author = 	 {Patrick D. Hopkins},
  title = 	 {Rethinking Sadomasochism: Feminism, Interpretation, and Simulation},
  journal = 	 {Hypatia},
  year = 	 1994,
  volume = 	 9,
  number = 	 1}

@Misc{how15:_this_is_how,
  author = 	 {Laken Howard},
  title = 	 {This Is How Many People Have Had a One-Night Stand},
  howpublished = {\emph{Bustle}, 21 October 2015. \url{https://www.bustle.com/articles/118289-70-percent-of-americans-have-had-a-one-night-stand-plus-9-other-facts-about-casual-sex}},
  month = 	 {October 21},
  year = 	 2015}

@Misc{hunt20:_psych_threes,
  author = 	 {Elle Hunt},
  title = 	 {The Psychology of the Threesome: Everyone Wants One, But Who's Truly Ready for It?},
  howpublished = {\emph{The Guardian}, 11 February 2020. \url{https://www.theguardian.com/lifeandstyle/2020/feb/11/threesomes-men-women-sex-psychology}},
  year = 	 2020}

@Article{hurd05:_blamin_victim,
  author = 	 {Heidi M. Hurd},
  title = 	 {Blaming the Victim: A Response to the Proposal That Criminal Law Recognize a General Defense of Contributory Responsibility},
  journal = 	 {Buffalo Criminal Law Review },
  year = 	 2005,
  volume = 	 8}

@Misc{hutson18:_debias_desir,
  author = 	 {J.A. Hutson and J.G. Taft and S. Barocas and K. Levy},
  title = 	 {Debiasing Desire: Addressing Bias \& Discrimination on Intimate Platforms},
  howpublished = {\emph{Proceedings of the ACM on Human-Computer Interaction (CSCW)}, vol. 2},
  year = 	 2018}

@Article{hebert14:_examin_person_charac_assoc_bdsm_orien,
  author = 	 {A. Hébert and A. Weaver},
  title = 	 {An Examination of Personality Characteristics Associated with BDSM Orientations},
  journal = 	 {Canadian Journal of Human Sexuality},
  year = 	 2014,
  volume = 	 23}

@Article{hessick11:_disen_child_pornog_child_sex_abuse,
  author = 	 {C.B. Hessick},
  title = 	 {Disentangling Child Pornography from Child Sex Abuse},
  journal = 	 {Washington University Law Review},
  year = 	 2011,
  volume = 	 88}

@Misc{house20:_execut_order_preven_onlin_censor,
  author = 	 {{White House}},
  title = 	 {Executive Order on Preventing Online Censorship},
  howpublished = {28 May 2020. \url{https://trumpwhitehouse.archives.gov/presidential-actions/executive-order-preventing-online-censorship/}},
  year = 	 2020}

@Book{hua03:_societ_without_father_husban,
  author = 	 {Cai Hua},
  title = 	 {A Society Without Fathers of Husbands: The Na of China},
  publisher = 	 {MIT Press},
  year = 	 2003}
@Article{ichikawa20:_presup_consen,
  author = 	 {Jonathan Jenkins Ichikawa},
  title = 	 {Presupposition and Consent},
  journal = 	 {Feminist Philosophy Quarterly},
  year = 	 2020,
  volume = 	 6,
  number = 	 4}

@Book{ignatieff03:_human_right_polit_idolat,
  author = 	 {Michael Ignatieff},
  title = 	 {Human Rights as Politics and Idolatry},
  publisher = 	 {Princeton University Press},
  year = 	 2003}

@Misc{insights19:_year_review,
  author = 	 {{Pornhub Insights}},
  title = 	 {The 2019 Year in Review},
  howpublished = {Pornhub, \url{https://www.pornhub.com/insights/2019-year-in-review}},
  year = 	 2019}

@Article{itzin02:_pornog_const_misog,
  author = 	 {Catherine Itzin},
  title = 	 {Pornography and the Construction of Misogyny},
  journal = 	 {Journal of Sexual Aggression},
  year = 	 2002,
  volume = 	 8}

@Misc{jackson18:_frat_barred_yale_years_is_back,
  author = 	 {Abby Jackson},
  title = 	 {The Frat Barred from Yale for 5 Years Is Back --- and Women Are Saying They Warn One Another to Stay Away},
  howpublished = {\emph{Business Insider}, 25 January 2018. \url{https://www.businessinsider.com/yale-delta-kappa-epsilon-2018-1}},
  year = 	 2018}

@Misc{jacobs03:_in_which_noah_millm_i,
  author = 	 {Alan Jacobs},
  title = 	 {In Which Noah Millman and I See Things Very Differently (for a Change)},
  howpublished = {\emph{American Conservative}, 13 May 2003. \url{https://www.theamericanconservative.com/jacobs/in-which-noah-millman-and-i-see-things-very-differently-for-a-change/}},
  note = 	 {2025年現在アクセス不能},
  year = 	 2003}

@Article{james09:_romeo_juliet_were_sex_offen,
  author = 	 {Steve James},
  title = 	 {Romeo and Juliet Were Sex Offenders: An Analysis of the Age of Consent and a Call for Reform},
  journal = 	 {University of Missouri Kansas City Law Review},
  volume = 	 78,
  year = 	 2009}

@InCollection{james87:_reclam_whores,
  author = 	 {Margo {St. James}},
  title = 	 {The Reclamation of Whores},
  booktitle = 	 {Good Girls/Bad Girls: Sex Trade Workers and Feminists Face to Face},
  publisher = {Women's Press},
  year = 	 1987,
  editor = 	 {Laurie Bell}}

@Misc{jamil18:_what_we_need_learn_aziz_ansar_clust,
  author = 	 {Jameela Jamil},
  title = 	 {What We Need to Learn from the Aziz Ansari Clusterfuck},
  howpublished = {blog, 14 January 2018. \url{https://jameelajamil.co.uk/post/169720263620/what-we-need-to-learn-from-the-aziz-ansari}},
  note = 	 {（2025年現在サイトアクセス不能）},
  year = 	 2018}

@Article{janssen02:_sexual_inhib_sis1,
  author = 	 {Erick Janssen and Harrie Vorst and Peter Finn and John Bancroft},
  title = 	 {The Sexual Inhibition (SIS) and Sexual Excitation (SES) Scales:
  I. Measuring Sexual Inhibition and Excitation Proneness in Men},
  journal = 	 {Journal of Sex Research},
  year = 	 2002,
  volume = 	 39,
  number = 	 2}

@Article{janssen02:_sexual_inhib_sis2,
  author = 	 {Erick Janssen and Harrie Vorst and Peter Finn and John Bancroft},
  title = 	 {The Sexual Inhibition (SIS) and Sexual Excitation (SES) Scales:
  II. Predicting Psychophysiological Response Patterns},
  journal = 	 {Journal of Sex Research},
  year = 	 2002,
  volume = 	 39,
  number = 	 2}

@Misc{jaramillo19:_inves_sextec,
  author = 	 {Estrella Jaramillo},
  title = 	 {Investing in Sextech: Two Founders Breaking Barriers Internationally},
  howpublished = {\emph{Forbes}, 5 June 2019. \url{https://www.forbes.com/sites/estrellajaramillo/2019/06/05/investing-in-sextech-two-founders-breaking-barriers-internationally/?sh=18d65d6517b5}},
  year = 	 2019}

@InCollection{jeffreys96:_heter_desir_gender,
  author = 	 {Sheila Jeffreys},
  title = 	 {Heterosexuality and the Desire for
  Gender},
  booktitle = 	 {Theorising Heterosexuality:
    Telling It Straight},
  publisher = {Open University Press},
  year = 	 1996,
  editor = 	 {Diane Richardson}}

@Misc{jeffries12:_sex_issue,
  author = 	 {Stuart Jeffries},
  title = 	 {The
  Sex Issue: Is Monogamy Dead?},
  howpublished = {\emph{The Guardian}, 10 November 2012.
  \url{https://www.theguardian.com/lifeandstyle/2012/nov/10/sex-is-monogamy-dead}},
  year = 	 2012}

@Article{jenkins15:_modal_monog,
  author = 	 {C. S. I. Jenkins},
  title = 	 {Modal Monogamy},
  journal = 	 {Erog},
  year = 	 2015,
  volume = 	 2}

@Misc{jensen15:_i_oppos_same_sex_marriag,
  author = 	 {Michael Jensen},
  title = 	 {I Oppose Same-Sex Marriage (and No, I'm Not a
  Bigot)},
  howpublished = {\emph{ABC News} (Australia), 27 May
  2015. \url{http://www.abc.net.au/news/2015-05-28/jensen-i-oppose-same-sex-marriage-(andno,-im-not-a-bigot)/6502850}},
  year = 	 2015}

@InCollection{jolles15:_pleas_pain_femin_polit_rough_sex,
  author = 	 {Marjorie Jolles},
  title = 	 {Pleasure, Pain, and the Feminist Politics of Rough Sex},
  booktitle = 	 {Gender, Sex, and Politics: In the Streets and Between the Sheets in the 21st Century},
  publisher = {Routledge},
  year = 	 2015,
  editor = 	 {Shira Tarrant}}

@Misc{jozuka18:_beyon_dimen,
  author = 	 {Emiko Jozuka},
  title = 	 {Beyond Dimensions: The Man Who Married a Hologram},
  howpublished = {\emph{CNN}, 29 December 2018. \url{https://www.cnn.com/2018/12/28/health/rise-of-digisexuals-intl}},
  year = 	 2018}

@Misc{julian18:_why_are_young_peopl_havin,
  author = 	 {Kate Julian},
  title = 	 {Why Are Young People Having So Little Sex?},
  howpublished = {\emph{The Atlantic}, December 2018. \url{https://www.theatlantic.com/magazine/archive/2018/12/the-sex-recession/573949/}},
  year = 	 2018}

@Article{jutten16:_sexual_objec,
  author = 	 {Timo Jütten},
  title = 	 {Sexual Objectification},
  journal = 	 {Ethics},
  year = 	 2016,
  note = 	 {（ティモ・ユッテン，「性的モノ化」，木下頌子訳，木下頌子他編訳，『分析フェミニズム基本論文集』，慶応大学出版会，2022）},
  volume = 	 127}

@Article{kamel80:_leath,
  author = 	 {G.W. Levi Kamel},
  title = 	 {Leathersex: Meaningful Aspects of Gay Sadomasochism},
  journal = 	 {Deviant Behavior},
  year = 	 1980,
  volume = 	 1,
  number = 	 2}

@Book{kant11:_groun_metap_moral,
  author = 	 {Immanuel Kant},
  title = 	 {Groundwork of the Metaphysics of Morals},
  publisher = 	 {Cambridge University Press},
  year = 	 2011,
  note = 	 {Mary McGregor, ed. and trans.}}

@Book{kant96:_metap_moral,
  author = 	 {Immanuel Kant},
  title = 	 {The Metaphysics of Morals},
  publisher = 	 {Cambridge University Press},
  year = 	 1996,
  note = 	 {Mary McGregor, ed. and trans.}}

@Article{kattari15:_gettin_it,
  author = 	 {Shanna K Kattari},
  title = 	 {`Getting It': Identity and Sexual Communication for Sexual and Gender Minorities with Physical Disabilities},
  journal = 	 {Sexuality and Culture},
  year = 	 2015,
  volume = 	 19,
  number = 	 4}

@article{keenan05:_virtue,
  title={Virtue ethics and sexual ethics},
  author={Keenan, James F},
  journal={Louvain Studies},
  volume=30,
  number=3,
  year=2005
}

@Misc{keenan14:_can_you_reall,
  author = 	 {Jillian Keenan},
  title = 	 {Can You Really Be Fired for Being Kinky? Absolutely},
  howpublished = {\emph{Slate}, 28 October 2014. \url{https://slate.com/human-interest/2014/10/the-jian-ghomeshi-case-echoes-many-kinksters-worst-fears-being-outed-and-fired.html}},
  year = 	 2014}

@Misc{keller19:_faceb_restr_speec_popul_deman,
  author = 	 {Daphne Keller},
  title = 	 {Facebook Restricts Speech by Popular Demand},
  howpublished = { \emph{The Atlantic}, 22 September 2019. \url{https://www.theatlantic.com/ideas/archive/2019/09/facebook-restricts-free-speech-popular-demand/598462/}},
  year = 	 2019}

@Misc{kelly12:_singl_out,
  author = 	 {Maura Kelly},
  title = 	 {Singled Out: Are Unmarried People Discriminated Against?},
  howpublished = {\emph{Daily Beast}, 6 February 2012. \url{https://www.thedailybeast.com/singled-out-are-unmarried-people-discriminated-against}},
  year = 	 2012}

@Article{kendall04:_educat_gay_male_youth,
  author = 	 {C.N. Kendall},
  title = 	 {Educating Gay Male Youth},
  journal = 	 {Journal of Homosexuality},
  year = 	 2004,
  volume = 	 47}

@Misc{kernes12:_no_gover_waste_commit_holds_press_confer,
  author = 	 {Mark Kernes},
  title = 	 {`No on Government Waste' Committee Holds 1st Press Conference},
  howpublished = {\emph{AVN}, 20 September 2012. \url{https://avn.com/news/legal/no-on-government-waste-committee-holds-1st-press-conference-129444}},
  year = 	 2012}

@Article{kesler02:_is_femin_stanc_suppor_prost_possib,
  author = 	 {Kari Kesler},
  title = 	 {Is a Feminist Stance in Support of Prostitution Possible? An Exploration of Current Trends},
  volume = 	 {2},
  journal = 	 {Sexualities},
  year = 	 2002}

@Article{ketcham19:_compar_coupl_stabil,
  author = 	 {Eric Ketcham and Neil G. Bennett},
  title = 	 {Comparative Couple Stability: Same-Sex and Male-Female Unions in the United States},
  journal = 	 {Socius:
    Sociological Research for a Dynamic World},
  year = 	 2019,
  volume = 	 5}

@Misc{kibbe20:_faceb_has_banned_ads_kink,
  author = 	 {Kayla Kibbe},
  title = 	 {Facebook Has Banned Ads from Kink and Poly Dating App \#Open},
  howpublished = {\emph{InsideHook}, 20 February 2020. \url{https://www.insidehook.com/internet/facebook-banned-ads-from-queer-and-poly-dating-app-open}},
  year = 	 2020}

@Article{kim11:_asian_femal_caucas_male_coupl,
  author = 	 {B. Kim},
  title = 	 {Asian Female and Caucasian Male Couples: Exploring the
  Attraction},
  journal = 	 {Pastoral Psychology},
  year = 	 2011,
  volume = 	 60}

@Misc{kipnis03:_troub_marriag,
  author = 	 {Laura Kipnis},
  title = 	 {The Trouble with Marriage},
  howpublished = {\emph{The Age}, 15 November 2003. \url{https://www.theage.com.au/national/the-trouble-with-marriage-20031115-gdwq81.html}},
  year = 	 2003}

@Book{kipnis03:_again_love,
  author = 	 {Laura Kipnis},
  title = 	 {Against Love: A Polemic},
  publisher = 	 {Penguin},
  year = 	 2003}

@Misc{kirkpatrick09:_conser_chris_big_think,
  author = 	 {David D. Kirkpatrick},
  title = 	 {The Conservative-Christian Big Thinker},
  howpublished = {\emph{The New York Times}, 16  December  2009. \url{https://www.nytimes.com/2009/12/20/magazine/20george-t.html}},
  year = 	 2009}

@Article{kitrosser97:_meanin_consen,
  author = 	 {Heidi Kitrosser},
  title = 	 {Meaningful Consent: Toward a New Generation of Statutory Rape Laws},
  journal = 	 {Virginia Journal of Social Policy and the Law},
  year = 	 1997,
  volume = 	 4,
  number = 	 2}

@InCollection{kittay10:_person_is_philos_is_polit,
  author = 	 {E.F. Kittay},
  title = 	 {The Personal Is Philosophical Is Political: A Philosopher and Mother of a Cognitively Disabled Person Sends Notes from the Battlefield},
  booktitle = 	 {Cognitive Disability and its Challenge to Moral Philosophy},
  publisher = {Wiley-Blackwell},
  year = 	 2010,
  editor = 	 {E.F. Kittay and L. Carlson}}

@Article{klein06:_sm_sadom_inter_issue_child_custod_proceed,
  author = 	 {Marty Klein and Charles Moser},
  title = 	 {SM (Sadomasochistic) Interests as an Issue in a Child Custody Proceeding},
  journal = 	 {Journal of Homosexuality},
  year = 	 2006,
  volume = 	 50,
  number = 	 {2--3}}

@Article{klement16:_partic_cultur_consen_may_be,
  author = 	 {Kathryn R. Klement and Brad J. Sagarin and Ellen M. Lee},
  title = 	 {Participating in a Culture of Consent May Be Associated With Lower Rape-Supportive Beliefs},
  journal = 	 {The Journal of Sex Research},
  year = 	 2016,
  volume = 	 54,
  number = 	 1}

@Article{knauer06:_marriag_skept_respon_pro_marriag,
  author = 	 {Nancy J. Knauer},
  title = 	 {`A Marriage Skeptic Responds to the Pro-Marriage Proposals to Abolish Civil Marriage},
  journal = 	 {Cardozo Law Review},
  year = 	 2006,
  volume = 	 27}

@Misc{knowles16:_bisex_prob,
  author = 	 {Kitty Knowles},
  title = 	 {The Bisexual Problem: When Dating Apps Aren't for You},
  howpublished = {\emph{Forbes}, 16 February 2016. \url{https://www.forbes.com/sites/kittyknowles/2016/02/16/bisexual-dating-apps-transgender-lgbt-dating-apps/?sh=53c01469305d}},
  year = 	 2016}

@Article{knox17:_sex_dolls,
  author = 	 {David Knox and  Stacy Huff and I. Joyce Change},
  title = 	 {Sex Dolls---Creepy or Healthy? Attitudes of Undergraduates},
  journal = 	 {Journal of Positive Sexuality},
  volume = 	 {3},
  year = 	 2017}

@Article{kolk20:_two_decad_same_sex_marriag_sweden,
  author = 	 {Martin Kolk and
  Gunnar Andersson},
  title = 	 {Two Decades of Same-Sex Marriage in Sweden: A
  Demographic Account of Developments in Marriage, Childbearing, and Divorce},
  journal = 	 {Demography},
  year = 	 2020,
  volume = 	 57}

@Misc{kopf17:_these_statis_show_why_its,
  author = 	 {Dan Kopf},
  title = 	 {These Statistics Show Why It's So Hard to Be an Average Man on Dating Apps},
  howpublished = {\emph{Quartz}, 15 August 2017.
  \url{https://qz.com/1051462/these-statistics-show-why-its-so-hard-to-be-an-averageman-on-dating-apps/}},
  year = 	 2017}

@Article{koss89:_discr_analy_risk_factor_sexual,
  author = 	 {M.P. Koss and T.E. Dinero},
  title = 	 {Discriminant Analysis of Risk Factors for Sexual Victimization among a National Sample of College Women},
  volume = 	 {57},
  number = 	 {2},
  journal = 	 {Journal of Consulting and Clinical Psychology},
  year = 	 1989}

@Article{kramer94:_rule_myth,
  author = 	 {Karen M. Kramer},
  title = 	 {Rule by Myth: The Social and Legal Dynamics Governing Alcohol-Related Acquaintance Rapes},
  journal = 	 {Stanford Law Review},
  year = 	 1994,
  volume = 	 47,
  number = 	 1}

@Misc{kristof20:_child_pornh,
  author = 	 {Nicholas Kristof},
  title = 	 {The Children of Pornhub: Why Does Canada Allow This Company to Profit Off Videos of Exploitation and Assault?},
  howpublished = {\emph{The New York Times}, 4 December 2020. \url{https://www.nytimes.com/2020/12/04/opinion/sunday/pornhub-rape-trafficking.html}},
  year = 	 2020}

@Misc{krum05:_man_who_married_himsel,
  author = 	 {Sharon Krum},
  title = 	 {The Man Who Married Himself},
  howpublished = {\emph{The Guardian}, 13 May 2005. \url{http://www.guardian.co.uk/world/2005/may/13/gayrights.features11}},
  year = 	 2005}

@Book{kulick15:_lonel_its_oppos,
  author = 	 {Don Kulick and Jens Rydström},
  title = 	 {Loneliness and Its Opposite: Sex, Disability, and the Ethics of Engagement},
  publisher = 	 {Duke University Press},
  year = 	 2015}

@Misc{lakier21:_great_free_speec_rever,
  author = 	 {Genevieve Lakier},
  title = 	 {The Great Free-Speech Reversal},
  howpublished = {\emph{The Atlantic}, 27 January 2021. \url{https://www.theatlantic.com/ideas/archive/2021/01/first-amendment-regulation/617827/}},
  year = 	 2021}

@Article{lambert02:_plur_ignor_hook_up,
  author = 	 {Tracy A. Lambert and Arnold S. Kahn and Kevin J. Apple},
  title = 	 {Pluralistic Ignorance and Hooking Up},
  journal = 	 {The Journal of Sex Research},
  year = 	 2002,
  volume = 	 40}

@Misc{lapowsky21:_onlyf_shows_visa_master_are,
  author = 	 {Issie Lapowsky},
  title = 	 {OnlyFans Shows Visa and Mastercard Are `Choke-Points' of Online Speech},
  howpublished = {\emph{Protocol}, 20 August 2021. \url{https://www.protocol.com/policy/onlyfans-visa-mastercard}},
  note = 	 {（2025年現在サイト消失）},
  year = 	 2021}

@Misc{larocque14:_brief_histor_bdsm,
  author = 	 {J.P. Larocque},
  title = 	 {A Brief History of BDSM},
  howpublished = {\emph{Daily Xtra}, 13 November 2014. \url{https://www.dailyxtra.com/a-brief-history-of-bdsm-64994}},
  year = 	 2014}

@Article{larson93:_women_under_so_littl_they,
  author = 	 {Jane E. Larson},
  title = 	 {Women Understand So Little, They Call My Good Nature ‘Deceit': A Feminist Rethinking of Seduction},
  journal = 	 {Columbia Law Review},
  year = 	 1993,
  volume = 	 93,
  number = 	 2}

@Misc{lauretis91:_diff,
  author = 	 {Teresa {de Lauretis}},
  title = 	 {Differences: A Journal of Feminist Cultural Studies},
  howpublished = {vol. 3, no. 2},
  year = 	 1991}

@Article{law09:_rape_is_sex_act,
  author = 	 {Stephen Law},
  title = 	 {Rape Is a Sex Act},
  journal = 	 {Think 21},
  year = 	 2009,
  volume = 	 8,
  number = 	 12}

@Misc{lehmiller19:_where_do_our_sexual_attrac_come_from,
  author = 	 {Justin Lehmiller},
  title = 	 {Where Do Our Sexual Attractions Come From?},
  howpublished = {Blog, lehmiller.com, 5 August
  2019. \url{https://www.lehmiller.com/blog/2019/8/5/where-do-our-sexual-attractions-come-from}},
  year = 	 2019}

@InCollection{leigh97:_inven_sex_work,
  author = 	 {Carol Leigh},
  title = 	 {Inventing Sex Work},
  booktitle = 	 {Whores and Other Feminists},
  publisher = {Routledge},
  year = 	 1997,
  editor = 	 {Jill Nagle}}

@Book{levine02:_harmf_minor,
  author = 	 {Judith Levine},
  title = 	 {Harmful to Minors: The Perils of Protecting Children from Sex},
  publisher = 	 {University of Minnesota Press},
  note = 	 {（ジュディス・レヴァイン，『青少年に有害！：子どもの「性」に怯える社会』，藤田真理子訳，河出書房新社，2004）},
  year = 	 2002}

@Book{levitan20:_futur_seduc_lond,
  author = 	 {Mia Levitan},
  title = 	 {The Future of Seduction, London},
  publisher = 	 {Unbound (ebook)},
  year = 	 2020}

@Misc{levitt07:_empir_analy_street_level_prost,
  author = 	 {Steven D. Levitt and Sudhir Alladi Venkatesh},
  title = 	 {An Empirical Analysis of Street-Level Prostitution},
  howpublished = {\url{https://pdfs.semanticscholar.org/13c5/3cf55f0151d663045a09ed11ee49bf9c9894.pdf}},
  year = 	 2007}

@Misc{levkoff13:_penn_grad_resp,
  author = 	 {Logan Levkoff},
  title = 	 {A Penn Grad's Response to the NYT's `Sex on Campus'},
  howpublished = {\emph{Huffington Post}, 14 September 2013, \url{http://www.huffingtonpost.com/dr-logan-levkoff/a-penn-grads-response-to-_b_3599326.html}},
  month = 	 9,
  year = 	 2013}

@Article{levy02:_virtual_child_pornog,
  author = 	 {Neil Levy},
  title = 	 {Virtual Child Pornography: The Eroticization of Inequality},
  journal = 	 {Ethics and Information Technology},
  year = 	 2002,
  volume = 	 4,
  number = 	 4}

@Article{ley14:_emper_has_no_cloth,
  author = 	 {David Ley and Nicole Prause and Peter Finn},
  title = 	 {`The Emperor Has No Clothes: A Review of the `Pornography Addiction' Model},
  journal = 	 {Current Sexual Health Reports},
  volume = 	 {6},
  year = 	 2014}

@Article{liberman18:_disab_sex_right_scope_sexual_exclus,
  author = 	 {Alida Liberman},
  title = 	 {Disability, Sex Rights and the Scope of Sexual Exclusion},
  journal = 	 {Journal of Medical Ethics},
  year = 	 2018,
  volume = 	 44,
  number = 	 4}

@Article{liberto17:_inten_sexual_consen,
  author = 	 {Hallie Liberto},
  title = 	 {Intention and Sexual Consent},
  journal = 	 {Philosophical Explorations},
  year = 	 2017,
  volume = 	 {20, sup.2}}

@Article{liberto17:_prob_sexual_prom,
  author = 	 {Hallie Liberto},
  title = 	 {The Problem with Sexual Promises},
  journal = 	 {Ethics},
  year = 	 2017,
  volume = 	 127,
  number = 	 2}

@Article{lindemann11:_bdsm_therap,
  author = 	 {Danielle Lindemann},
  title = 	 {BDSM as Therapy?},
  journal = 	 {Sexualities},
  year = 	 2011,
  volume = 	 14}

@Misc{lopez19:_sexual_racis_is,
  author = 	 {Canela López},
  title = 	 {Sexual Racism' Is a Major Problem on Queer Dating
  Apps like Grindr, and It May Be Causing Depression in Black Men},
  howpublished = {\emph{Insider},  22 November  2019.
  \url{https://www.insider.com/sexual-racism-queer-men-dating-apps-grindr-2019-11}},
  year = 	 2019}

@Misc{lords:sexual_submission,
  author = 	 {Kayla Lords},
  title = 	 {Sexual Submission Was My Missing Puzzle Piece},
  howpublished = {Happiness.com, 19 January 2019, \url{https://www.happiness.com/magazine/relationships/sexual-submission-missing-puzzle-piece/}},
  year = 	 {2019}}

@Misc{louie19:_sexual_behav_child,
  author = 	 {Sam Louie},
  title = 	 {Sexual Behaviors in Children: An Uncomfortable Reality},
  howpublished = {\emph{Psychology Today}, 24 April 2019. \url{https://www.psychologytoday.com/us/blog/minority-report/201904/sexual-behaviors-in-children}},
  year = 	 2019}

@InCollection{love13:_quest_femin,
  author = 	 {Sinnamon Love},
  title = 	 {A Question of Feminism},
  booktitle = 	 {The Feminist Porn Book: The Politics of Producing Pleasure},
  publisher = {Feminist Press at CUNY},
  year = 	 2013,
  editor = 	 {Tristan Taormino and Celine Parreñas Shimizu and Constance Penley and Mireille Miller-Young}}

@Article{luck09:_gamer_dilem,
  author = 	 {Morgan Luck},
  title = 	 {The Gamer's Dilemma: An Analysis of the Arguments for the Moral Distinction between Virtual Murder and Virtual Paedophilia},
  journal = 	 {Ethics and Information Technology},
  volume = 	 11,
  number = 	 1,
  year = 	 2009}

@Article{lundberg16:_famil_inequal,
  author = 	 {Shelly Lundberg and  Robert A. Pollak and Jenna Stearns},
  title = 	 {Family Inequality: Diverging Patterns in Marriage, Cohabitation, and Childbearing},
  journal = 	 {Journal of Economic Perspectives},
  year = 	 2016,
  volume = 	 30,
  number = 	 2}

@Misc{lust11:_what_is_your_defin_femin_porn,
  author = 	 {Erika Lust},
  title = 	 {What Is Your Definition of Feminist Porn?},
  howpublished = {\emph{Erika Lust blog}, 5 May 2011. \url{https://erikalust.com/what-is-feminist-porn/}},
  note = 	 {（2025年現在該当ページにはアクセス不能）},
  year = 	 2011}

@Book{mac18:_revol_prost,
  author = 	 {Juno Mac and Molly Smith},
  title = 	 {Revolting Prostitutes: The Fight for Sex Workers' Rights},
  publisher = 	 {Verso},
  year = 	 2018}

@Book{macedo15:_just_married,
  author = 	 {Stephen Macedo},
  title = 	 {Just Married: Same-Sex Couples, Monogamy, and the Future of Marriage},
  publisher = 	 {Princeton University Press},
  year = 	 2015}

@InCollection{macgregor94:_force_consen_reason_woman,
  author = 	 {Joan MacGregor},
  title = 	 {Force, Consent, and the Reasonable Woman},
  booktitle = 	 {In Harm's Way},
  publisher = {Cambridge University Press},
  year = 	 1994,
  editor = 	 {Jules Coleman and Allen Buchanan}}

@Article{mackinnon82:_femin_marx_meth_stat,
  author = 	 {Catharine A. MacKinnon},
  title = 	 {Feminism, Marxism, Method, and the State: An Agenda for Theory},
  journal = 	 {Signs},
  year = 	 1982,
  key = 	 7,
  volume = 	 3}

@Misc{mackinnon94:_pornog,
  author = 	 {Catherine A. MacKinnon},
  title = 	 {Pornography: An Exchange},
  howpublished = {\emph{New York Review of Books}, 3 March 1994. \url{https://www-nybooks-com.uml.idm.oclc.org/articles/1994/03/03/pornography-an-exchange/}},
  year = 	 1994}

@Misc{mackinnon94:_statem_cathar,
  author = 	 {Catharine A. MacKinnon and Andrea Dworkin},
  title = 	 {Statement by Catharine A. Mackinnon and Andrea Dworkin regarding Canadian Customs and Legal Approaches to Pornography},
  howpublished = {Press Release, 26 August 1994},
  year = 	 1994}

@Misc{maenzanise19:_i_dont_find_piv_sex,
  author = 	 {Joyline Maenzanise},
  title = 	 {I Don't Find {PIV} Sex Pleasurable, and That's Okay},
  howpublished = {\emph{Black Youth Project}, 15 October 2019.
  \url{https://blackyouthproject.com/i-have-a-genital-preference-for-sex-partners-and-thats-okay/}},
  year = 	 2019}

@Misc{magazine15:_is_monog_over,
  author = 	 {Time Magazine},
  title = 	 {Is Monogamy Over?},
  howpublished = {11 September 2015.
  \url{https://time.com/collection-post/4028151/david-barash-is-monogamy-over/}},
  note = 	 {（2025年現在アクセス不能，WaybackMachineに保存されているものは\url{https://web.archive.org/web/20240523221921/https://time.com/collection-post/4028151/david-barash-is-monogamy-over/}）},
  year = 	 2015}

@Misc{makin09:_pickt_factor,
  author = 	 {Kirk Makin},
  title = 	 {The Pickton Factor: The Sex Trade's Dangers},
  howpublished = {\emph{The Globe and Mail}, 5 October 2009. \url{https://www.theglobeandmail.com/news/national/the-pickton-factor-the-sex-trades-dangers/article4287904/}},
  year = 	 2009}

@Article{malon15:_adult_child_sex_limit_liber_sexual_moral,
  author = 	 {A. Malón},
  title = 	 {Adult–Child Sex and the Limits of Liberal Sexual Morality},
  journal = 	 {Archives of Sexual Behavior},
  year = 	 2015,
  volume = 	 44}

@Misc{manning17:_sextec_revol_will_not_be_crowd,
  author = 	 {Allee Manning},
  title = 	 {The Sextech Revolution Will Not Be Crowdfunded},
  howpublished = {\emph{Mashable}. \url{https://mashable.com/feature/sextech-crowdfunding}},
  year = 	 2017}

@Article{marazzitia14:_dimor_chang_some_featur_lovin,
  author = 	 {Donatella Marazzitia and Hagop S. Akiskalab and Mieko Udob Michela Picchettia and Stefano Baronia and Gabriele Massimettia and Francesco Albanesea and Liliana Dell'Osso},
  title = 	 {Dimorphic Changes of Some Features of Loving Relationships during Long-Term Use of Antidepressants in Depressed Outpatients},
  journal = 	 {Journal of Affective Disorders},
  year = 	 2014,
  volume = 	 166}

@Article{march11:_is_there_right_polyg,
  author = 	 {Andrew March},
  title = 	 {Is There a Right to Polygamy? Marriage, Equality and Subsidizing Families in Liberal Public Justification},
  journal = 	 {Journal of Moral Philosophy},
  year = 	 2011,
  volume = 	 8}

@Misc{marr21:_fox_news_has_consis_enabl,
  author = 	 {Rhuaridh Marr},
  title = 	 {Fox News Has Consistently Enabled Anti-Trans Misinformation Since Biden Took office},
  year = 	 2021,
  howpublished = {\emph{Metro Weekly}, 24 March 2021. \url{https://www.metroweekly.com/2021/03/fox-news-has-consistently-enabled-anti-trans-misinformation-since-biden-took-office/}}}

@Article{marshall00:_revis_use_pornog_sexual_offen,
  author = 	 {W. L. Marshall},
  title = 	 {Revisiting the Use of Pornography by Sexual Offenders: Implications for Theory and Practice},
  journal = 	 {Journal of Sexual Aggression},
  year = 	 2000,
  volume = 	 6}

@Article{mattson19:_are_gay_bars_closin,
  author = 	 {Greggor Mattson},
  title = 	 {Are Gay Bars Closing? Using Business Listings to Infer Rates of Gay Bar Closure in the United States, 1977--2019},
  journal = 	 {Socius},
  year = 	 2019,
  volume = 	 5}

@Misc{may15:_consen,
  author = 	 {Emmeline May},
  title = 	 {Consent: It's as Simple as Tea},
  howpublished = {Blue Seat Studios, 2015. \url{https://www.youtube.com/watch?v=oQbei5JGiT8}},
  year = 	 2015}

@Misc{mcarthur16:_is_lying_get_laid_form_sexual_assaul,
  author = 	 {Neil McArthur},
  title = 	 {Is Lying to Get Laid a Form of Sexual Assault?},
  howpublished = {\emph{VICE}, 5 September 2016. \url{https://www.vice.com/en_ca/article/4w5w7g/is-lying-to-get-laid-a-form-of-sexual-assault}},
  year = 	 2016}

@Misc{mcarthur16:_its_traves_that_bdsm_isnt_techn_legal,
  author = 	 {Neil McArthur},
  title = 	 {It's a Travesty That BDSM Isn't Technically Legal},
  howpublished = {\emph{VICE}, 2 August 2016. \url{https://www.vice.com/en_ca/article/vdqem4/its-a-travesty-that-bdsm-isnt-technically-legal}},
  year = 	 2016}

@Misc{mcarthur16:_why_peopl_are_fight_get,
  author = 	 {Neil McArthur},
  title = 	 {Why People Are Fighting to Get Polyamory Recognized as a Sexual Orientation,},
  howpublished = {\emph{VICE}, 17 August 2016. \url{https://www.vice.com/en_ca/article/9b8yp5/is-polyamory-a-sexual-orientation}},
  year = 	 2016}

@Article{mcarthur17:_rise_digis,
  author = 	 {Neil McArthur and Markie L.C. Twist},
  title = 	 {The Rise of Digisexuality: Therapeutic Challenges and Possibilities},
  journal = 	 {Sexual and Relationship Therapy},
  year = 	 2017,
  volume = 	 32,
  number = 	 1}

@Article{mcclintock93:_sex_worker_sex_work,
  author = 	 {Anne McClintock},
  title = 	 {Sex Workers and Sex Work: Introduction},
  journal = 	 {Social Text},
  volume = 	 {37},
  year = 	 1993}

@Misc{mcclure17:_what_happen_when_sex_worker,
  author = 	 {Gwen McClure},
  title = 	 {What Happens When a Sex Worker Is Sexually Assaulted},
  howpublished = {\emph{VICE}, 12 June 2017. \url{https://www.vice.com/en_nz/article/qv4wb5/what-happens-when-a-sex-worker-is-sexually-assaulted}},
  year = 	 2017}

@Article{mccormick01:_is_it_wrong_play_violen_video_games,
  author = 	 {Matt McCormick},
  title = 	 {Is It Wrong to Play Violent Video Games?},
  journal = 	 {Ethics and Information Technology},
  volume = 	 {3},
  year = 	 2001}

@Misc{mcdonald19:_sex_robot_are_almos_here,
  author = 	 {Glenn McDonald},
  title = 	 {The Sex Robots Are (Almost) Here},
  howpublished = {\emph{Experience Magazine}, June 2019. \url{https://expmag.com/2019/06/the-sex-robots-are-almost-here/}},
  year = 	 2019}

@Misc{mcintyre15:_what_its_like_pay_your,
  author = 	 {Niamh McIntyre},
  title = 	 {What It's Like to Pay Your Way Through College with Sex Work},
  howpublished = { \emph{VICE}, 2 April 2015. \url{https://www.vice.com/en/article/this-is-what-its-like-to-pay-your-way-through-uni-with-sex-work/}},
  year = 	 2015}

@Article{mckeever17:_is_requir_sexual_exclus_consis_roman_love,
  author = 	 {Natasha McKeever},
  title = 	 {Is the Requirement of Sexual Exclusivity Consistent with Romantic Love?},
  journal = 	 {Journal of Applied Philosophy},
  year = 	 2017,
  volume = 	 34,
  number = 	 3}

@Misc{mckeon17:_when_it_comes,
  author = 	 {Lauren McKeon},
  title = 	 {When It Comes to Sex, There's Nothing Wrong with Vanilla},
  howpublished = {\emph{TVO}, 5 October 2017. \url{https://www.tvo.org/article/when-it-comes-to-sex-theres-nothing-wrong-with-vanilla}},
  year = 	 2017}

@Article{mcqueen21:_sexual_inter_sexual_infid,
  author = 	 {Paddy McQueen},
  title = 	 {Sexual
  Interactions and Sexual Infidelity},
  journal = 	 {Journal of Ethics},
  year = 	 2021,
  volume = 	 25}

@Misc{mehlman12:_makin_same_sex_case,
  author = 	 {Ken Mehlman},
  title = 	 {Making the Same-Sex Case},
  howpublished = {\emph{The Wall Street Journal}, 20 November 2012. \url{https://www.wsj.com/articles/SB10001424127887323353204578128912554107172}},
  year = 	 2012}

@Misc{melnick20:_analy_depar_educat_final_title,
  author = 	 {R. Shep Melnick},
  title = 	 {Analyzing
  the Department of Education's Final Title IX Rules on Sexual Misconduct},
  howpublished = {Brookings Institution, 11 June 2020.  \url{https://www.brookings.edu/research/analyzing-the-department-of-educations-final-title-ix-rules-on-sexual-misconduct/}},
  year = 	 2020}

@Misc{merkin96:_unlik_obses,
  author = 	 {Daphne Merkin},
  title = 	 {Unlikely Obsession},
  howpublished = {\emph{The New Yorker}, 19 February 1996. \url{https://www.newyorker.com/magazine/1996/02/26/unlikely-obsession}},
  year = 	 1996}

@Article{mesko12:_effec_prost_stabil_roman_relat,
  author = 	 {N. Meskó and  A. Láng and L. Bernáth},
  title = 	 {The Effect of Prostitution on the Stability of Romantic Relationships: Empirical Testing of an Evolutionary Model},
  journal = 	 {Psychiatria Hungarica},
  year = 	 2012,
  volume = 	 27}

@Misc{met17:_one_nigh_stan,
  author = 	 {Metro},
  title = 	 {One-Night Stands: The Down-and-Dirty on the One-and-Done},
  howpublished = {\emph{Metro}, 29 May 2017; \url{https://www.metro.us/one-night-stands-the-down-and-dirty-on-the-one-and-done/}},
  year = 	 2017}

@Book{metz10:_untyin_knot,
  author = 	 {Tamara Metz},
  title = 	 {Untying the Knot: Marriage, the State, and the Case for Their Divorce},
  publisher = 	 {Princeton University Press},
  year = 	 2010}

@Article{mezey87:_male_victim_sexual_assaul,
  author = 	 {G. Mezey and M. King},
  title = 	 {Male Victims of Sexual Assault},
  journal = 	 {Medicine, Science and the Law},
  year = 	 1987,
  volume = 	 27,
  number = 	 2}

@InCollection{migotti17:_very_idea_sex_robot,
  author = 	 {Mark Migotti and Nicole Wyatt},
  title = 	 {On the Very Idea of Sex with Robots},
  booktitle = 	 {Robot Sex: Social
    and Ethical Implications},
  publisher = {MIT Press},
  year = 	 2017,
  editor = 	 {John Danaher and Neil McArthur}}

@Misc{miksche17:_meet_gay_app,
  author = 	 {Mike Miksche},
  title = 	 {Meet 9MONSTERS, the Gay App Where Grindr Meets Tamagotchi},
  howpublished = {\emph{Slate}, 19 May  2017. \url{http://www.slate.com/blogs/outward/2017/05/19/meet_9monsters_the_gay_hook_up_app_where_grindr_meet_tamagotchi.html}},
  year = 	 2017}

@Misc{milanovic19:_rich_like_me,
  author = 	 {Branko Milanovic},
  title = 	 {Rich Like Me: How Assortative Mating Is Driving Income Inequality},
  howpublished = {\emph{Quillette}, 18 October 2019. \url{https://quillette.com/2019/10/18/rich-like-me-how-assortative-mating-is-driving-income-inequality/}},
  year = 	 2019}

@Article{mill10:_negot_auton_famil,
  author = 	 {Aviva Mill and Rachel Mayes and and David McConnell},
  title = 	 {Negotiating Autonomy within the Family: The Experiences of Young Adults with Intellectual Disabilities},
  journal = 	 {British Journal of Learning Disabilities},
  volume = 	 38,
  number = 	 3,
  year = 	 2010}

@Book{mill15:_liber_utilit_other_essay,
  author = 	 {John Stuart Mill},
  title = 	 {On Liberty, Utilitarianism and Other Essays},
  publisher = 	 {Oxford University Press},
  year = 	 2015,
  note = 	 {Mark Philp, ed.}}

@Book{mill88:diary,
  author = 	 {John Stuart Mill},
  title = 	 {Collected Works of John Stuart Mill},
  publisher = 	 {Routledge},
  year = 	 1988,
  note = 	 {vol. 26--27, John Robson, ed.}}

@Book{mill89:_liber_other_writin,
  author = 	 {John Stuart Mill},
  title = 	 {On Liberty and Other Writings},
  publisher = 	 {Cambridge University Press},
  year = 	 1989,
  note = 	 {Stefan Collini, ed.}}

@Misc{miller19:_polyam_is_growin,
  author = 	 {Geoffrey Miller},
  title = 	 {Polyamory Is Growing---and We Need To Get Serious about It},
  howpublished = {\emph{Quillette},  29 November 2019. \url{https://quillette.com/2019/10/29/polyamory-is-growing-and-we-need-to-get-serious-about-it/}},
  year = 	 2019}

@Book{millett76:_prost_paper,
  author = 	 {Kate Millett},
  title = 	 {The Prostitution Papers},
  publisher = 	 {Ballantine},
  year = 	 1976}

@Misc{mitchell12:_famil_marriag_hold_count_toget,
  author = 	 {Peter Jon Mitchell},
  title = 	 {Families and Marriage Hold a Country Together},
  howpublished = {\emph{eReview}, Institute of Marriage and Family Canada, 11 April 2012.  \url{http://www.imfcanada.org/archive/599/families-and-marriage-hold-country-together}},
  year = 	 2012}

@Article{mitchell18:_race_roman_attrac_datin,
  author = 	 {Megan Mitchell and Mark Wells},
  title = 	 {Race, Romantic Attraction, and Dating},
  journal = 	 {Ethical Theory and Moral Practice},
  year = 	 2018,
  volume = 	 21}

@Article{monto14:_new_stand_sexual_behav,
  author = 	 {M.~A. Monto and A.~G. Carey},
  title = 	 {A New Standard of Sexual Behavior? Are Claims Associated with the `Hookup Culture' Supported by General Social Survey Data?},
  journal = 	 {Journal of Sex Research},
  year = 	 2014,
  volume = 	 5,
  number = 	 6}

@Book{moran01:_inter_intim,
  author = 	 {Rachel F. Moran},
  title = 	 {Interracial Intimacy: The Regulation of Race
    and Romance},
  publisher = 	 {University of Chicago Press},
  year = 	 2001}

@Misc{morin15:_that_time_i_tried_bdsm_therap,
  author = 	 {Roc Morin},
  title = 	 {That Time I Tried BDSM Therapy},
  howpublished = {\emph{The Atlantic}, 26 October 2015.  \url{https://www.theatlantic.com/health/archive/2015/10/when-bdsm-is-therapeutic/412249/}},
  year = 	 2015}

@Misc{morin16:_can_child_dolls_keep_pedop_offen,
  author = 	 {Roc Morin},
  title = 	 {Can Child Dolls Keep Pedophiles from Offending?},
  howpublished = {\emph{The Atlantic}, 11 January 2016. \url{https://www.theatlantic.com/health/archive/2016/01/can-child-dolls-keep-pedophiles-from-offending/423324/}},
  year = 	 2016}

@Article{moser05:_dsm_iv_tr_parap,
  author = 	 {C. Moser and P.J. Kleinplatz},
  title = 	 {DSM-IV-TR and the Paraphilias: An Argument for Removal},
  volume = 	 {17},
  journal = 	 {Journal of Psychology and Human Sexuality},
  number = 	 {3-4},
  year = 	 2005}

@Article{moser87:_explor_descr_study_sado_masoc_orien_sampl,
  author = 	 {C. Moser and E. Levitt},
  title = 	 {An Exploratory-Descriptive Study of a Sado-Masochistically Orientated Sample},
  journal = 	 {The Journal of Sex Research},
  year = 	 1987,
  volume = 	 {23},
  number = 	 {3}}

@Article{muehlenhard05:_wantin_not_wantin_sex,
  author = 	 {C.L. Muehlenhard and Z.D. Peterson},
  title = 	 {Wanting and Not Wanting Sex: The Missing Discourse of Ambivalence},
  journal = 	 {Feminism and Psychology},
  year = 	 2005,
  volume = 	 15}

@Article{muehlenhard16:_compl_sexual_consen_colleg_studen,
  author = 	 {Charlene L. Muehlenhard and Terry P. Humphreys and Kristen N. Jozkowski and Zoë D. Peterson},
  title = 	 {The Complexities of Sexual Consent among College Students: A Conceptual and Empirical Review},
  journal = 	 {The Journal of Sex Research},
  year = 	 2016,
  volume = 	 53}

@Misc{murphy12:_part_two_two_part_series_bdsm_femin,
  author = 	 {Meghan Murphy},
  title = 	 {Part Two in a Two-Part Series on BDSM \& Feminism -- An Interview with Kathleen Barry},
  howpublished = {\emph{Feminist Current}, 22 July 2012. \url{https://www.feministcurrent.com/2012/07/22/episode-004-part-two-in-a-two-part-series-on-bdsm-feminism-an-interview-with-kathleen-barry/}},
  year = 	 2012}

@Article{moller17:_tonic_immob_durin_sexual_assaul,
  author = 	 {A. Möller and H.P. Söndergaard and L. Helström},
  title = 	 {Tonic Immobility During Sexual Assault: A Common Reaction Predicting Post-Traumatic Stress Disorder and Severe Depression},
  journal = 	 {Acta Obstetricia et Gynecologica Scandinavica},
  year = 	 2017,
  volume = 	 96}

@Article{mosher16:_layer_leath,
  author = 	 {Chad M. Mosher and Heidi M. Levitt and Eric Manley},
  title = 	 {Layers of Leather: The Identity Formation of Leathermen as a Process of Transforming Meanings of Masculinity},
  journal = 	 {Journal of Homosexuality},
  year = 	 2016,
  volume = 	 51,
  number = 	 3}

@Article{navarro20:_psyc_corr_ghos_bread_exper,
  author = 	 {Raúl Navarro and Elisa Larrañaga and Santiago Yubero and Beatriz Víllora},
  title = 	 {Psychological Correlates of Ghosting and Breadcrumbing Experiences: A Preliminary Study among Adults},
  journal = 	 {International Journal of Environmental Research and Public Health},
  year = 	 2020,
  volume = 	 17}

@Misc{neal14:_street_based_sex_worker_needs_asses,
  author = 	 {Norma Neal and others},
  title = 	 {Street Based Sex Workers Needs Assessment: Toronto, Barrie and Oshawa},
  howpublished = {\emph{Street Health}, February 2014, p. 15. \url{https://regentparkchc.org/wp-content/uploads/2020/10/StreetBasedSexWorkersNeedsAssessmentReportFINALFeb7th20141.pdf}},
  year = 	 2014}

@Misc{new14:_yes_means_yes_world,
  author = 	 {J. New},
  title = 	 {The `Yes Means Yes' World},
  howpublished = {\emph{Inside Higher Ed}, 17 October 2014. \url{https://www.inside
    highered.com/news/2014/10/17/colleges-across-country-adopting-affirmative-consent-sexual-assault-policies}},
  year = 	 2014}

@Article{newmahr10:_rethin_kink,
  author = 	 {Staci Newmahr},
  title = 	 {Rethinking Kink: Sadomasochism as Serious Leisure},
  journal = 	 {Qualitative Sociology},
  year = 	 2010,
  volume = 	 33}

@Misc{cbc11:_manit_judge_rebuk_sex_assaul_remar,
  author = 	 {{CBC News}},
  title = 	 {Manitoba Judge Rebuked for Sex Assault Remarks},
  howpublished = {CBC, 9 November 2011. \url{https://www.cbc.ca/news/canada/manitoba/manitoba-judge-rebuked-for-sex-assault-remarks-1.1099355}},
  year = 	 2011}

@Misc{moyer14:_how_calif_yes_means_yes,
  author = 	 {Justin Wm. Moyer},
  title = 	 {How
  California's `Yes Means Yes' Consent Law Can Be Sexy},
  howpublished = {The Washington Post, 29 September 2014.  \url{https://www.washingtonpost.com/news/morning-mix/wp/2014/09/29/how-californias-yes-means-yes-consent-law-can-be-sexy/?utm_term=.bf9c552a4a5c}},
  year = 	 2014}

@Book{murray12:_comin_apart,
  author = 	 {Charles Murray},
  title = 	 {Coming Apart: The State of White America, 1960--2010},
  publisher = 	 {Cox and Murray},
  year = 	 2012}

@Misc{nehring15:_are_today_legal_defin_rape,
  author = 	 {Christina Nehring},
  title = 	 {Are Today's Legal Definitions of Rape Helping or Hurting Women?},
  howpublished = {\emph{Elle}, 6 April 2015. \url{http://www.elle.com/culture/news/a27643/the-death-of-eros/}},
  year = 	 2015}

@InCollection{nichols82:_is_sadom_femin,
  author = 	 {Jeanette Nichols and Darlene Pagano and
  Margaret Rossoff},
  title = 	 {Is Sadomasochism Feminist?  A Critique of the Samois
  Position},
  booktitle = 	 {Against Sadomasochism: A Radical Feminist Analysis},
  publisher = {Frog in the Well},
  year = 	 1982,
  editor = 	 {Robin Ruth Linden and Darlene R. Pagano and Diana E. H. Russell and Susan Leigh Star}}

@Misc{nilsson20:_secret_world_mindg,
  author = 	 {Patricia Nilsson},
  title = 	 {The Secretive World of MindGeek: The Montreal-Based Company behind Pornhub and RedTube},
  howpublished = {\emph{Financial Times}, 18 December 2020. \url{https://financialpost.com/financial-times/the-secretive-world-of-mindgeek-the-montreal-based-company-behind-pornhub-and-redtube}},
  year = 	 2020}


@Misc{oberhaus17:_secur_resear_hacked_bluet_enabl_butt_plug,
  author = 	 {Daniel Oberhaus},
  title = 	 {Security Researchers Hacked a Bluetooth-Enabled Butt Plug},
  howpublished = { \emph{VICE}, 17 October 2017. \url{https://www.vice.com/en_us/article/ne788b/hackable-bluetooth-buttplug-hush-lovense}},
  year = 	 2017}

@Article{oberman01:_girls_master_house,
  author = 	 {Michelle Oberman},
  title = 	 {Girls in the Master's House: Of Protection, Patriarchy and the Potential for Using the Master's Tools to Reconfigure Statutory Rape Law},
  journal = 	 {DePaul Law Review},
  year = 	 2001,
  volume = 	 50}

@Misc{obrien16:_south_carol_lawmak_propos_pornog,
  author = 	 {Brendan O'Brien},
  title = 	 {South Carolina Lawmakers Propose Pornography Block on New Computers},
  howpublished = {\emph{Reuters}, 20 December 2016. \url{https://www.reuters.com/article/us-south-carolina-pornography-idUSKBN149251}},
  year = 	 2016}

@Misc{obrien90:_seein_sex_surrog,
  author = 	 {Mark O'Brien},
  title = 	 {On Seeing a Sex Surrogate},
  howpublished = {\emph{The Sun Magazine}, May 1990. \url{https://www.thesunmagazine.org/articles/23287-on-seeing-a-sex-surrogate}},
  year = 	 1990}

@Misc{oecd22:_marriag_divor_rates,
  author = 	 {OECD},
  title = 	 {Marriage and Divorce Rates},
  howpublished = {\url{https://www.oecd.org/content/dam/oecd/en/data/datasets/family-database/sf_3_1_marriage_and_divorce_rates.pdf}},
  year = 	 2022}

@Book{oneill89:_const_reason,
  author = 	 {Onora O'Neill},
  title = 	 {Constructions of Reason},
  publisher = 	 {Cambridge University Press},
  note = 	 {（オノラ・オニール，『理性の構成：カント実践哲学の探求』，網谷壮介他訳，法政大学出版局，2020）},
  year = 	 1989}

@Misc{oppenheimer11:_married_infid,
  author = 	 {Mark Oppenheimer},
  title = 	 {Married, with Infidelities},
  howpublished = {\emph{The New York Times Magazine}, 30 June 2011. \url{https://www.nytimes.com/2011/07/03/magazine/infidelity-will-keep-us-together.html}},
  year = 	 2011}

@Article{oshea20:_sexual_desir_struc_injus,
  author = 	 {Tom O'Shea},
  title = 	 {Sexual Desire and Structural Injustice},
  journal = 	 {Journal of Social Philosophy},
  year = 	 2020,
  volume = 	 52,
  number = 	 4}

@Article{ost02:_child_risk,
  author = 	 {S. Ost},
  title = 	 {Children at Risk: Legal and Society Perceptions of the Potential Threat the Possession of Child Pornography Poses to Society},
  journal = 	 {Journal of Law and Society},
  volume = 	 {29},
  year = 	 2002}

@InCollection{otter18:_perfec_argum_legal_recog_polyam_relat,
  author = 	 {Ronald C. Den Otter},
  title = 	 {A Perfectionist Argument for Legal Recognition of Polyamorous Relationships},
  booktitle = 	 { Philosophical Foundations of Children's and Family Law},
  publisher = {Oxford University Press},
  year = 	 2018,
  editor = 	 {Elizabeth Brake and Lucinda Ferguson}}

@Misc{owen13:_nsa_spied_porn_habit_target_radic,
  author = 	 {Paul Owen},
  title = 	 {NSA `Spied on Porn Habits to Target Radicalisers},
  howpublished = { \emph{The Guardian}, 27 November 2013. \url{https://www.theguardian.com/world/2013/nov/27/nsa-files-live-coverage-developments-reaction}},
  year = 	 2013}

@Article{park16:_is_inter_pornog_causin_sexual_dysfun,
  author = 	 {Brian Y. Park and Gary Wilson and Jonathan Berger and Matthew Christman and Bryn Reina and Frank Bishop and Warren P. Klam and Andrew P. Doan},
  title = 	 {Is Internet Pornography Causing Sexual Dysfunctions? A Review with Clinical Reports},
  journal = 	 {Behavioral Sciences},
  year = 	 2016,
  volume = 	 6,
  number = 	 3}

@Article{parker08:_senec_falls_conven,
  author = 	 {Alison M. Parker},
  title = 	 {The Seneca Falls Convention of 1848: A Pivotal Moment in Nineteenth-Century America},
  journal = 	 {Reviews in American History},
  year = 	 2008,
  volume = 	 36,
  number = 	 3}

@Article{patridge13:_pornog_ethic_video_games,
  author = 	 {Stephanie L. Patridge},
  title = 	 {Pornography, Ethics, and Video Games},
  journal = 	 {Ethics and Information Technology},
  year = 	 2013,
  volume = 	 15,
  number = 	 1}

@Misc{pavesich1905,
  author = 	 {Pavesich v. New England Life Ins. Co.},
  title = 	 {Pavesich v. New England Life Ins. Co.},
  howpublished = {122 Ga. 190, 194, 50 S.E. 68, 1905},
  year = 	 1905}

@Book{popenoe96:_life_father,
  author = 	 {D. Popenoe},
  title = 	 {Life without Father},
  publisher = 	 {Free Press},
  year = 	 1996}

@Article{quayle02:_child_pornog_inter,
  author = 	 {Ethel Quayle and Max Taylor},
  title = 	 {Child Pornography and the Internet: Perpetuating a Cycle of Abuse},
  journal = 	 {Deviant Behavior},
  year = 	 2002,
  volume = 	 23,
  number = 	 4}

@InCollection{queen97:_sex_radic_polit_sex_posit,
  author = 	 {Carol Queen},
  title = 	 {Sex Radical Politics, Sex-Positive Feminist Thought, and Whore Stigma},
  booktitle = 	 {Whores and Other Feminists},
  publisher = {Routledge},
  year = 	 1997}

@Book{radin00:_contes_commod,
  author = 	 {Margaret Jane Radin},
  title = 	 {Contested Commodities},
  publisher = 	 {Harvard University Press},
  year = 	 2000}

@Article{radin87:_market_inalien,
  author = 	 {Margaret Jane Radin},
  title = 	 {Market-Inalienability},
  journal = 	 {Harvard Law Review},
  year = 	 1987,
  volume = 	 100,
  number = 	 8}

@InCollection{rajan96:_prost_quest,
  author = 	 {Rajeswari Sunder Rajan},
  title = 	 {The Prostitution Question(s): (Female) Agency, Sexuality and Work},
  booktitle = 	 {Feminist Terrains in Legal Domains: Interdisciplinary Essays on Women and Law in India},
  publisher = {Kali for Women},
  year = 	 1996,
  editor = 	 {Ratna Kapur}}

@Misc{ramirez20:_can_techn_help_us_be_more_empat,
  author = 	 {Erick Jose Ramirez},
  title = 	 {Can Technology Help Us Be More Empathetic? Racism, Empathy and Virtual Reality},
  howpublished = {Markkula Center for Applied Ethics, 15 July 2020. \url{https://www.scu.edu/ethics-spotlight/ethics-and-systemic-racism/can-technology-help-us-be-more-empathetic-racism-empathy-and-virtual-reality/}},
  year = 	 2020}

@Misc{ratchford13:_why_is_canad_media_still,
  author = 	 {Sarah Ratchford},
  title = 	 {Why Is the Canadian Media Still Referring to Sex Workers as Prostitutes?},
  howpublished = {\emph{VICE}, 21 November 2013. \url{https://www.vice.com/en/article/why-is-the-canadian-media-still-referring-to-sex-workers-as-prostitues/}},
  year = 	 2013}

@Misc{raymond95:_prost_is_rape_thats_paid,
  author = 	 {Janice G. Raymond},
  title = 	 {Prostitution Is Rape That's Paid for: The U.S. Military Must Have Zero Tolerance for this Exploitation of Women and Children, at Home and Abroad},
  howpublished = {\emph{L.A. Times}, 11 December 1995. \url{http://articles.latimes.com/1995-12-11/local/me-12813_1_human-rights}},
  year = 	 1995}

@Misc{responsible17:_our_sexual_futur_robot,
  author = 	 {{Foundation for Responsible Robotics}},
  title = 	 {Our Sexual Future with Robots},
  howpublished = {\url{https://www.academia.edu/34062193/FRR_Consultation_Report_Our_Sexual_Future_with_robots_Final}},
  year = 	 2017}

@Book{richardson00:_rethin_sexual,
  author = 	 {Diane Richardson},
  title = 	 {Rethinking Sexuality},
  publisher = 	 {Sage},
  year = 	 2000}

@Misc{richardson14:_is_sex_work_empow_enslav,
  author = 	 {Robin Richardson},
  title = 	 {Is Sex Work Empowering or Enslaving? 12 Experts Weigh In},
  howpublished = { \emph{The Huffington Post}, 18 October 2014. \url{https://www.huffpost.com/entry/is-sex-work-empowering-or-enslaving_b_5825882}},
  year = 	 2014}

@Misc{richardson16:_asymm_relat,
  author = 	 {Kathleen Richardson},
  title = 	 {The Asymmetrical `Relationship': Parallels between Prostitution and the Development of Sex Robots},
  howpublished = {\emph{ACM SIGCAS Computers and Society}, January 2016},
  year = 	 2016}

@Misc{richmond18:_rise_sex_robot,
  author = 	 {Alex Richmond},
  title = 	 {The Rise of the Sex Robots: Why Digisexuality Could Mean a Big Step Backwards},
  howpublished = {\emph{Notable Life}, 13 January 2018. \url{https://notablelife.com/the-rise-of-the-sex-robots-why-digisexuality-could-mean-a-big-step-backwards}},
  year = 	 2018}

@Book{sartre43:_being_nothin,
  author = 	 {Jean-Paul Sartre},
  title = 	 {Being and Nothingness},
  publisher = 	 {Washington Square Press},
  year = 	 {1993},
  series = 	 {Hazel Barnes, trans.},
  note = 	 {初版は1943}}

@Book{sedgwick90:_epist_closet,
  author = 	 {Eve Kosofsky Sedgwick},
  title = 	 {Epistemology of the Closet},
  publisher = 	 {University of California Press},
  note = 	 {（イヴ・コゾフスキー・セジウィック，『クローゼットの認識論：セクシュアリティの20世紀』,外岡尚美訳, 青土社, 1999）},
  year = 	 1990}

@Article{settegast18:_prost_good_sex,
  author = 	 {Sascha Settegast},
  title = 	 {Prostitution and the Good of Sex},
  journal = 	 {Social Theory and Practice},
  year = 	 2018,
  volume = 	 44,
  number = 	 3}

@Article{warner91:_introd,
  author = 	 {Michael Warner},
  title = 	 {Introduction: Fear of a Queer Planet},
  journal = 	 {Social Text},
  year = 	 1991,
  volume = 	 29}

@Article{wendell87:_qualif_defen_liber_femin,
  author = 	 {Susan Wendell},
  title = 	 {A (Qualified) Defense of Liberal Feminism},
  journal = 	 {Hypatia},
  year = 	 1987,
  volume = 	 2,
  number = 	 2}

@InCollection{wollstonecraft93:_vindic_right_woman,
  author = 	 {Mary Wollstonecraft},
  title = 	 {A Vindication of the Rights of Woman with Strictures on Political and Moral Subjects},
  booktitle = 	 {Political Writings: A Vindication of the Rights of Men, A Vindication of the Rights of Woman, An Historical and Moral View of the French Revolution},
  publisher = OUP,
  year = 	 1993,
  editor = 	 {Janet Todd}}

@misc{zarrelli17:_awkwar_centur_datin,
  author = 	 {Natalie Zarrelli},
  title = 	 {The Awkward 17th-Century Dating Practice: That Saw Teens Get Bundled into Bags},
  journal = 	 {Atlas Obscura},
  year = 	 2017,
  note = 	 {\emph{Atlas Obscura}, 26 January 2017. \url{https://www.atlasobscura.com/articles/the-awkward-17thcentury-dating-practice-that-saw-teens-get-bundled-into-bags}}}

@Misc{bump13:_virgin_is_retro,
  author = 	 {Phillip Bump},
  title = 	 {Virginia Is for Retro Anti-Sodomy Law Campaigns},
  howpublished = {\emph{The Atrantic}, 2013/7/17, \url{https://www.theatlantic.com/politics/archive/2013/07/virginia-retro-anti-sodomy-law-campaigns/313204/}},
  year = 	 2013}

@Article{finnis94:_law_moral_sexual_orien,
  author = 	 {John M. Finnis},
  title = 	 {Law, Morality, and `Sexual Orientation'},
  journal = 	 {Notre Dame Law Review},
  year = 	 1994,
  volume = 	 69}

@Book{girgis12:_what_marriag,
  author = 	 {Sherif Girgis and Ryan T. Anderson and Robert P. George},
  title = 	 {What is Marriage?},
  publisher = 	 {Encounter Books},
  year = 	 2012}

@Book{halwani10:_philos_love_sex_marriag,
  author = 	 {Raja Halwani},
  title = 	 {Philosophy of Love, Sex, and Marriage: An Introduction},
  publisher = 	 {Routledge},
  year = 	 2010}

@Book{harman99:_virtue_ethic_charac_trait,
  author = 	 {Gilbert Harman},
  title = 	 {Virtue Ethics without Character Traits},
  publisher = 	 PUP,
  year = 	 1999}

@Book{haywood06:_women_movem_today,
  editor = 	 {Leslie L. Haywood},
  title = 	 {The Women's Movement Today: An Encyclopedia of Third-Wave Feminism},
  publisher = 	 {Greenwood},
  year = 	 2006}

@Article{holmes18:_natur_law,
  author = 	 {Oliver Wendell Holmes},
  title = 	 {Natural Law},
  journal = 	 {Harvard Law Review},
  year = 	 1918,
  volume = 	 32}

@Misc{murphy13:_tyran_consen,
  author = 	 {Meghan Murphy},
  title = 	 {The Tyranny of Consent},
  howpublished = { \emph{Feminist Current}, 21 May 2013. \url{https://www.feministcurrent.com/2013/05/21/the-tyranny-of-consent/}},
  year = 	 2013}

@Article{napper16:_asses_pers_negat,
  author = 	 {Lucy E. Napper and Kevin Montes and Shannon R. Kenney and Joseph W. LaBrie},
  title = 	 {Assessing the Personal Negative Impacts of Hooking Up Experienced by College Students: Gender Differences and Mental Health},
  journal = 	 {Journal of
    Sex Research},
  year = 	 2016,
  volume = 	 53,
  number = 	 7}

@Misc{noa07:_prob_hook_up,
  author = 	 {Meghan Noa},
  title = 	 {The Problem with Hooking Up},
  howpublished = {\emph{BU Today}, 27 March 2007. \url{http://www.bu.edu/articles/2007/the-problem-with-hooking-up/}},
  month = 	 3,
  year = 	 2007}

@InCollection{norman04:_i_am_leath_shaman,
  author = 	 {S. Norman},
  title = 	 {I Am the Leatherfaerie Shaman},
  booktitle = 	 {Leatherfolk},
  publisher = {Daedalus},
  year = 	 2004,
  editor = 	 {M. THompson}}

@Article{nussbaum98:_wheth_reason_prejud,
  author = 	 {Martha C. Nussbaum},
  title = 	 {Whether from Reason or Prejudice': Taking Money for Bodily Serviceso},
  journal = 	 {The Journal of Legal Studies},
  year = 	 1998,
  volume = 	 27}

@InCollection{nussbaum93:_non_relat_virtues,
  author = 	 {Martha Nussbaum},
  title = 	 {Non-Relative Virtues: An Aristotelian Approach},
  booktitle = 	 {The Quality of Life},
  publisher = {Clarendon Press},
  year = 	 1993,
  editor = 	 {Martha C. Nussbaum and Amartya Sen}}

@Article{ogorman86:_disc_plur_ignor,
  author = 	 {Hubert J. O'Gorman},
  title = 	 {The Discovery of Pluralistic Ignorance},
  journal = 	 {Journal of the History of the Behavioral Sciences},
  year = 	 1986,
  volume = 	 22}

@Misc{olmstead14:_in_defen_monog_marriag,
  author = 	 {Gracy Olmstead},
  title = 	 {In Defense of Monogamy and Marriage},
  howpublished = {\emph{The American Conservative}, 15 May 2014.  \url{https://www.theamericanconservative.com/in-defense-of-monogamy-and-marriage/}},
  year = 	 2014}

@Misc{olmstead16:_its_not_just_consen,
  author = 	 {Gracy Olmstead},
  title = 	 {It's Not Just about Consent},
  note = 	 {（2025年現在アクセス不能，Wayback Machineに保存されているものは\url{https://web.archive.org/web/20210501230306/https://www.theamericanconservative.com/olmstead/its-not-just-about-consent/}）},
  howpublished = 	 {\emph{American Conservative}, 10 August 2016. \url{https://www.theamericanconservative.com/olmstead/its-not-just-about-consent/}},
  year = 2016}

@Misc{olmstead18:_divor_sex_love,
  author = 	 {Gracy Olmstead},
  title = 	 {Divorcing Sex from Love Hasn't Made Sex More Fun, More Safe or Less Complicated},
  howpublished = {\emph{Washington Post}, 22 January 2018, \url{https://www.washingtonpost.com/news/posteverything/wp/2018/01/22/divorcing-sex-from-love-hasnt-made-sex-more-fun-more-safe-or-less-complicated/}},
  month = 	 {January},
  year = 	 2018}

@Article{olszewski06:_commen_statut_rape_wiscon,
  author = 	 {Daryl J. Olszewski},
  title = 	 {Comment, Statutory Rape in Wisconsin: Reform},
  journal = 	 {Marquette Law Review},
  year = 	 2006,
  volume = 	 89}

@Article{paul00:_hook,
  author = 	 {Elizabeth L. Paul and Brian McManus and Allison Hayes},
  title = 	 {Hookups': Characteristics and Correlates of College Students' Spontaneous and Anonymous Sexual Experiences},
  journal = 	 {The Journal of Sex Research},
  year = 	 2000,
  volume = 	 37}

@Article{peterson07:_concep_wanted_women_consen_noncon_sexual_exper,
  author = 	 {Z.D. Peterson and C.L. Muehlenhard},
  title = 	 {Conceptualizing the Wantedness of Women's Consensual and Nonconsensual Sexual Experiences},
  journal = 	 {Journal of Sex Research},
  year = 	 2007,
  volume = 	 44}

@Misc{podcast18:_episod,
  author = 	 {{Multiamory Podcast}},
  title = 	 {Episode 181},
  howpublished = {24 June 2018. \url{https://www.multiamory.com/podcast/181-kim-tallbear}},
  year = 	 2018}

@Article{potarca15:_racial_prefer_onlin_datin_europ_count,
  author = 	 {Gina Pot{\^a}rc\u{a} and Melinda Mills},
  title = 	 {Racial Preferences in Online
  Dating across European Countries},
  journal = 	 {European Sociological Review},
  year = 	 2015,
  volume = 	 31}

@Article{powls12:_descr_review_resear_relat_sadom,
  author = 	 {Jonathan Powls and Jason Davies},
  title = 	 {A Descriptive Review of Research Relating to Sadomasochism: Considerations for Clinical Practice},
  journal = 	 {Deviant Behavior},
  year = 	 2012,
  volume = 	 33,
  number = 	 3}

@Article{priest97:_sexual_perver,
  author = 	 {Graham Priest},
  title = 	 {Sexual Perversion},
  journal = 	 {Australasian Journal of Philosophy},
  year = 	 1997,
  volume = 	 75,
  number = 	 3}

@Article{primoratz01:_sexual_moral,
  author = 	 {Igor Primoratz},
  title = 	 {Sexual Morality: Is Consent Enough?},
  journal = 	 {Ethical Theory and Moral Practice},
  year = 	 2001,
  key = 	 4,
  volume = 	 3}

@Book{pruett00:_father,
  author = 	 {K. D. Pruett},
  title = 	 {Fatherneed: Why Father Care Is as Essential as Mother Care for Your Child},
  publisher = 	 {Free Press},
  year = 	 2000}

@Book{pukall20:_human_sexual,
  author = 	 {Caroline Pukall},
  title = 	 {Human Sexuality: A Contemporary Introduction},
  publisher = 	 OUP,
  year = 	 2020,
  edition = 	 {3rd}}

@InCollection{queen04:_never_brides_never_bride,
  author = 	 {Carol Queen},
  title = 	 {Never a Bridesmaid, Never a Bride},
  booktitle = 	 {That's Revolting!: Queer Strategies for Resisting Assimilation},
  publisher = {Soft Skull Press},
  year = 	 2004,
  editor = 	 {Mattilda Sycamore}}

@Misc{quinn19:_is_porn_public_healt_crisis,
  author = 	 {Mattie Quinn},
  title = 	 {Is Porn a Public Health Crisis? 16 States Say Yes},
  howpublished = {\emph{Governing.com}, 19 July 2019. \url{https://www.governing.com/topics/health-human-services/gov-pornography-public-health-crisis-states.html}},
  year = 	 2019}

@InCollection{regan96:_postm_famil_law,
  author = 	 {Milton C. Regan},
  title = 	 {Postmodern Family Law: Toward a New Model of Status},
  booktitle = 	 {Promises to Keep: Decline and Renewal of Marriage in America},
  publisher = {Rowman and Littlefield},
  year = 	 1996,
  editor = 	 {Jean Bethke Elshtain and David Blankenhorn and David Popenoe}}

@Article{regnerus12:_cont_matin_mark,
  author = 	 {Mark Regnerus},
  title = 	 {Contemporary Mating Market Dynamics, Sex-Ratio Imbalances, and Their Consequences},
  journal = 	 {Society},
  year = 	 2012,
  volume = 	 49}

@Article{reiber10:_hook_up,
  author = 	 {Chris Reiber and Justin R. Garcia},
  title = 	 {Hooking Up: Gender Differences, Evolution, and Pluralistic Ignorance},
  journal = 	 {Evolutionary Psychology},
  year = 	 2010,
  volume = 	 8,
  number = 	 3}

@Article{reynolds07:_disab_bdsm,
  author = 	 {Dawn Reynolds},
  title = 	 {Disability and BDSM: Bob Flanagan and the Case for Sexual Rights},
  volume = 	 {4},
  journal = 	 {Sexuality Research and Social Policy},
  year = 	 2007}

@Misc{risman18:_good_news,
  author = 	 {Barbara J. Risman and William J. Scarborough and Ray Sin},
  title = 	 {Good News! Attitudes Moving toward Gender Equality},
  howpublished = {\emph{Psychology Today}, 17 December 2018, \url{https://www.psychologytoday.com/ca/blog/gender-questions/201812/good-news-attitudes-moving-toward-gender-equality}},
  year = 	 2018}


@Article{ristroph11:_third_wave_legal_moral,
  author = 	 {Alice Ristroph},
  title = 	 {Third Wave Legal Moralism},
  journal = 	 {Arizona State Law Journal},
  year = 	 {2010/2011},
  volume = 	 42,
  number = 	 4}

@Article{rocha16:_aggres_hook_ups,
  author = 	 {James Rocha},
  title = 	 {Aggressive Hook Ups: Modeling Aggressive Casual Sex on BDSM for Moral Permissibility},
  journal = 	 {Res Publica},
  year = 	 2016,
  volume = 	 22,
  number = 	 2}

@Misc{roderique17:_datin_black,
  author = 	 {Hadiya Roderique},
  title = 	 {Dating while Black},
  howpublished = {\emph{The Walrus}, 15 February 2017. \url{https://thewalrus.ca/dating-while-black/}},
  year = 	 2017}

@InCollection{rosa94:_anti,
  author = 	 {Becky Rosa},
  title = 	 {Anti-monogamy: Radical Challenge to Compulsory Heterosexuality?},
  booktitle = 	 {Stirring It: Challenges for Feminism},
  publisher = {Taylor \& Francis},
  year = 	 1994,
  editor = 	 {G. Griffin and  M. Hester and S. Rai and S. Roseneil}}

@Misc{rosin12:_boys_side,
  author = 	 {Hanna Rosin},
  title = 	 {Boys on the Side},
  howpublished = {\emph{The Atlantic}, September 2012, \url{https://www.theatlantic.com/magazine/archive/2012/09/boys-on-the-side/309062/}},
  month = 	 9,
  year = 	 2012}

@Article{rothblum20:_asexual_non_asexual_respon_u,
  author = 	 {Esther D. Rothblum and Evan A. Krueger and Krystal R. Kittle and Ilan H. Meyer},
  title = 	 {Asexual and Non-Asexual Respondents from a U.S. Population-Based Study of Sexual Minorities},
  journal = 	 {Archives of Sexual Behavior},
  year = 	 2020,
  volume = 	 49,
  number = 	 2}

@Misc{rt16:_virtual_realit_sex_suit_looks,
  author = 	 {RT},
  title = 	 {Virtual Reality Sex Suit Looks as Disturbing as It Sounds},
  howpublished = {6 April 2016. \url{https://www.rt.com/viral/338662-virtual-reality-sex-suit/}},
  year = 	 2016}

@Misc{rudder11:_mathem_beaut,
  author = 	 {Christian Rudder},
  title = 	 {The Mathematics of Beauty},
  howpublished = { \emph{OK Trends}, 10 January 2011. \url{https://www.gwern.net/docs/psychology/okcupid/themathematicsofbeauty.html}},
  year = 	 2011}

@Book{rudder14:_datac,
  author = 	 {Christian Rudder},
  title = 	 {Dataclysm: Love, Sex, Race, and Identity -- What Our Online Lives Tell
    Us about Our Offline Selves},
  publisher = 	 {Broadway Books},
  year = 	 2014}

@InCollection{ruddick75:_better_sex,
  author = 	 {Sara Ruddick},
  title = 	 {Better Sex},
  booktitle = 	 {Philosophy and Sex},
  crossref =  {baker:sex1},
  year = 	 1975}

@Book{ruse88:_homos,
  author = 	 {Michael Ruse},
  title = 	 {Homosexuality: A Philosophical Inquiry},
  publisher = 	 {Blackwell},
  year = 	 1988}

@Misc{ryan10:_monog_unnat_our_sexy_species,
  author = 	 {Christopher Ryan},
  title = 	 {Monogamy Unnatural for Our Sexy Species},
  howpublished = {\emph{CNN}, 29 July
  2010. \url{http://www.cnn.com/2010/OPINION/07/27/ryan.promiscuity.normal/index.html}},
  year = 	 2010}

@Book{ryan10:_sex_dawn,
  author = 	 {Chris Ryan and Cacilda Jethá},
  title = 	 {Sex at Dawn: The Prehistoric Origins of Modern Sexualityn},
  publisher = 	 {Harper Collins},
  note = 	 {（クリストファー・ライアン，カルシダ・ジェタ，『性の進化論：女性のオルガスムスは，なぜ霊長類にだけ進化したか？』，山本規雄訳，作品社）},
  year = 	 2010}

@Misc{sachs12:_inter_femin_pornog,
  author = 	 {Abby Sachs},
  title = 	 {Interview with a Feminist Pornographer},
  howpublished = {\emph{Thought Catalog}, 15 February 2012. \url{https://thoughtcatalog.com/abby-sachs/2012/02/interview-with-a-feminist-pornographer/}},
  year = 	 2012}

@Misc{sales15:_tind_dawn_datin_apoc,
  author = 	 {Nancy Jo Sales},
  title = 	 {Tinder and the Dawn of the `Dating Apocalypse'},
  howpublished = {\emph{Vanity Fair}, 6 August 2015. \url{https://www.vanityfair.com/culture/2015/08/tinder-hook-up-culture-end-of-dating}},
  year = 	 2015,
  note = 	 {August}}

@Article{salfas19:_what_is_role_commun,
  author = 	 {Brian Salfas and H. Jonathon Rendina and Jeffrey T. Parsons},
  title = 	 {What Is the Role of the Community? Examining Minority Stress Processes among Gay and Bisexual Men},
  journal = 	 {Stigma Health},
  year = 	 2019,
  volume = 	 4,
  number = 	 3}

@Article{salfati08:_prost_homic,
  author = 	 {C.G.I. Salfati and A.R. James and L. Ferguson},
  title = 	 {Prostitute Homicides: A Descriptive Study},
  journal = 	 {Journal of Interpersonal Violence},
  year = 	 2008,
  volume = 	 23,
  number = 	 4}

@Misc{saltman14:_we_start_crusad_affir_consen,
  author = 	 {Bethany Saltman},
  title = 	 {We Started the Crusade for Affirmative Consent
  Way Back in the `90s'},
  howpublished = {\emph{The Cut}, 22 October 2014.  \url{https://www.thecut.com/2014/10/we-fought-for-affirmative-consent-in-the-90s.html}},
  year = 	 2014}

@Article{sanger06:_case_civil_marriag,
  author = 	 {Carol Sanger},
  title = 	 {A Case for Civil Marriage},
  journal = 	 {Cardozo Law Review},
  year = 	 2006,
  volume = 	 27}

@Misc{sanghani14:_lied_your_way_sex,
  author = 	 {Radhika Sanghani},
  title = 	 {Lied Your Way into Sex? You Could Be a Rapist},
  year = 	 2014,
  howpublished = {\emph{The Telegraph}, 30 November 2014},
}
@Article{santelli06:_abstin_abstin_only_educat,
  author = 	 {John Santelli and  Mary A. Ott and  Maureen Lyon and  Jennifer Rogers and Daniel Summers and  Rebecca Schleifer},
  title = 	 {Abstinence and Abstinence-Only Education: A Review of US Policies and Programs},
  journal = 	 {Journal of Adolescent Health},
  year = 	 2006,
  volume = 	 38}

@Book{satz10:_why_some_thing_shoul_not_be_sale,
  author = 	 {Debra Satz},
  title = 	 {Why Some Things Should Not Be for Sale},
  publisher = 	 {Oxford University Press},
  year = 	 2010}

@Article{satz95:_market_women_sexual_labor,
  author = 	 {Debra Satz},
  title = 	 {Markets in Women's Sexual Labor},
  journal = 	 {Ethics},
  year = 	 1995,
  volume = 	 106,
  number = 	 1}

@Misc{savage08:_swedis_prost,
  author = 	 {James Savage and Paul O'Mahony},
  title = 	 {Swedish Prostitution: Gone or Just Hidden?},
  howpublished = {\emph{The Local}, 10 January 2008. \url{https://www.thelocal.se/20080110/9621}},
  year = 	 2008}

@Misc{savage12:_savag_busted,
  author = 	 {Dan Savage},
  title = 	 {Savage Love: Busted},
  howpublished = {\emph{The Stranger}, 21 November 2012. \url{https://savage.love/savagelove/2012/11/21/busted-2/}},
  year = 	 2012}

@Misc{savage12:_savag_monogamish,
  author = 	 {Dan Savage},
  title = 	 {Savage Love: Meet the Monogamish},
  howpublished = {\emph{The Stranger}, 4 January
  2012. \url{https://savage.love/savagelove/2021/08/03/mum-and-dad/}},
  year = 	 2012}

@misc{savage21:_mum_dat,
  author = 	 {Dan Savage},
  title = 	 {Mum and Dat},
  year = 	 2021,
  note = 	 {2021/8/3, \url{https://www.thestranger.com/savage-love/2021/08/03/59937560/savage-love}}}

@Article{scanlon11:_why_not_base_free_speec_auton_democ,
  author = 	 {T. M. Scanlon},
  title = 	 {Why Not Base Free Speech on Autonomy or Democracy},
  journal = 	 {Virginia Law Review},
  year = 	 2011,
  volume = 	 87}

@Article{scarborough19:_attit_stall_gender_revol,
  author = 	 {William J. Scarborough and Ray Sin and Barbara Risman},
  title = 	 {Attitudes and the Stalled Gender Revolution: Egalitarianism, Traditionalism, and Ambivalence from 1977 through 2016},
  journal = 	 {Gender and Society},
  year = 	 2019,
  volume = 	 33,
  number = 	 2}

@Book{schauer82:_free_speec,
  author = 	 {Frederick Schauer},
  title = 	 {Free Speech: A Philosophical Enquiry},
  publisher = 	 {Cambridge University Press},
  year = 	 1982}

@Article{schotten05:_men_mascul_male_domin,
  author = 	 {C. Heike Schotten},
  title = 	 {Men, Masculinity, and Male Domination: Reframing Feminist Analyses of Sex Work},
  journal = 	 {Politics and Gender},
  year = 	 2005,
  volume = 	 1,
  number = 	 2}

@Misc{schrobsdorff21:_paulin_poriz,
  author = 	 {Susanna Schrobsdorff},
  title = 	 {Paulina Porizkova, A.I. Filters, and the `Shallow Dating Ponds' of Middle Age},
  howpublished = {\emph{TIME}, 26 July 2021.  \url{https://time.com/6083726/paulina-porizkova-online-dating-and-the-trouble-with-a-i-filters/}},
  year = 	 2021}

@Article{schulhofer05:_rape_twilig_zone,
  author = 	 {Stephen J. Schulhofer},
  title = 	 {Rape in the Twilight Zone: When Sex is Unwanted but Not Illegal},
  journal = 	 {Suffolk University Law Review},
  year = 	 2005,
  volume = 	 38}

@Article{schulhofer92:_takin_sexual_auton_serious,
  author = 	 {Stephen J. Schulhofer},
  title = 	 {Taking Sexual Autonomy Seriously: Rape Law and Beyond},
  journal = 	 {Law and Philosophy},
  year = 	 1992,
  volume = 	 11}

@Article{scoccia13:_in_defen_pure_legal_moral,
  author = 	 {D. Scoccia},
  title = 	 {In Defence of Pure Legal Moralism},
  journal = 	 {Criminal Law and Philosophy},
  year = 	 2013,
  volume = 	 7}

@Misc{scott12:_think_kink,
  author = 	 {Catherine Scott},
  title = 	 {Thinking Kink: Does Female Submission Mean Oppression?},
  howpublished = {\emph{Bitch}, 9 July 2012 \url{https://www.bitchmedia.org/post/thinking-kink-female-submissives-BDSM-feminist-magazine-sex-consent}},
  year = 	 2012,
  note = 	 {2025年現在ドメイン消失によりアクセス不能}}

@InCollection{scott15:_can_disab_peopl_have_sex,
  author = 	 {Jennifer Scott},
  title = 	 {Can Disabled People Have Sex?
  And Other Questions You Probably Shouldn't Ask Me If We Just Met},
  booktitle = 	 {Gender, Sex, and Politics: In the Streets and
    Between the Sheets in the 21st Century},
  publisher = {Routledge},
  year = 	 2015,
  editor = 	 {Shira Tarrant}}

@Book{scruton06:_sexual_desir,
  author = 	 {Roger Scruton},
  title = 	 {Sexual Desire: A Philosophical Investigation},
  publisher = 	 {Bloomsbury},
  year = 	 2006,
  note = 	 {リプリント：オリジナルは1986}}

@Article{seidman05:_secon_wave,
  author = 	 {Ilene Seidman and Susan Vickers},
  title = 	 {The Second Wave: An Agenda for the Next Thirty Years of Rape Law Reform},
  journal = 	 {Suffolk University Law Review},
  year = 	 2005,
  volume = 	 38}

@Misc{ccasa2008,
  author = 	 {{California Coalition against Sexual Assault}},
  title = 	 {2008 Report: Research on Rape and Violence,” 2008},
  howpublished = {\url{http://www.calcasa.org/wp-content/uploads/2009/09/CALCASA_Stat_2008.pdf}},
  year = 	 2008}

@InCollection{scheutz12:_inher_danger_unidir_emotion_bonds,
  author = 	 {Matthias Scheutz},
  title = 	 {The Inherent Dangers of Unidirectional Emotional Bonds between Humans and Social Robots},
  booktitle = 	 {Robot Ethics: The Ethical and Social Implications of Robotics},
  publisher = {MIT Press},
  year = 	 2012,
  editor = 	 {Patrick Lin and Keith Abney and George Bekey}}

@Article{selterman19:_motiv_extrad_infid_revis,
  author = 	 {Dylan Selterman and Justin R. Garcia and Irene Tsapelas},
  title = 	 {Motivations for Extradyadic Infidelity Revisited},
  journal = 	 {The Journal of Sex Research},
  year = 	 2019,
  volume = 	 56}

@Article{series15:_relat_auton_legal_capac,
  author = 	 {Lucy Series},
  title = 	 {Relationships, Autonomy and Legal Capacity: Mental Capacity and Support Paradigms},
  journal = 	 {International Journal of Law and Psychiatry},
  year = 	 2015,
  volume = 	 40}

@Misc{sesta18:_platf_which_discr_sex_worker,
  author = 	 {{Survivors against SESTA}},
  title = 	 {Platforms Which Discriminate against Sex Workers},
  howpublished = {\url{https://survivorsagainstsesta.org/platforms-discriminate-against-sex-workers/}},
  year = 	 2018}

@Article{seto11:_contac_sexual_offen_men_onlin,
  author = 	 {M.C. Seto and  R.K. Hanson and K.M Babchishin},
  title = 	 {Contact Sexual Offending by Men with Online sexual offendingo},
  journal = 	 {Sex Abuse},
  year = 	 2011,
  volume = 	 23,
  number = 	 1}

@Article{seto12:_is_pedop_sexual_orien,
  author = 	 {Michael C. Seto},
  title = 	 {Is Pedophilia a Sexual Orientation?},
  journal = 	 {Archives of Sexual Behavior},
  year = 	 2012,
  volume = 	 41,
  number = 	 1}

@Misc{sexual08:_secon_nation_survey_violen_discr,
  author = 	 {{National Coalition for Sexual Freedom}},
  title = 	 {Second National Survey of Violence \& Discrimination Against Sexual Minorities},
  howpublished = {\url{https://evolvingyourman.com/wp-content/uploads/2020/09/2008_bdsm_survey_analysis_final.pdf}},
  year = 	 2008}

@Misc{sexworkerhelpfuls.com18:_sex_work_approv_paymen_option,
  author = 	 {Sexworkerhelpfuls.com},
  title = 	 {Sex Work Approved Payment Options},
  howpublished = {4 December 2018. \url{https://sexworkerhelpfuls.com/f/sex-work-approved-payment-options}},
  year = 	 2018}

@Misc{shapiro21:_andrew_cuomos_daugh_comes_out_demis,
  author = 	 {Ben Shapiro},
  title = 	 {Andrew Cuomo's Daughter Comes Out as `Demisexual'},
  howpublished = {\emph{The Ben Shapiro Show}, \emph{YouTube}, 6 July 2021. \url{https://www.youtube.com/watch?v=uy-ycnEPnMs&t=10s}},
  year = 	 2021}

@Article{shaw16:_title_ix_sexual_assaul_issue_effec_consen,
  author = 	 {Lori E. Shaw},
  title = 	 {Title IX, Sexual Assault, and the Issue of Effective Consent: Blurred Lines --- When Should `Yes' Mean `No'?},
  journal = 	 {Indiana Law Journal},
  year = 	 2016,
  volume = 	 91}

@Misc{shaw94:_review_boswel,
  author = 	 {Brent D. Shaw},
  title = 	 {Review of Boswell},
  howpublished = {\emph{New Republic}, 18 July 1994, p. 33},
  year = 	 1994}

@Article{sheff05:_polyam_women_sexual_subjec_power,
  author = 	 {Elisabeth Sheff},
  title = 	 {Polyamorous Women, Sexual Subjectivity and Power},
  journal = 	 {Journal of Contemporary Ethnography},
  year = 	 2005,
  volume = 	 30}

@Misc{shire14:_peop_who_have,
  author = 	 {Emily Shire},
  title = 	 {People Who Have Had Rebound Sex Tell Us Why It Is Awesome},
  year = 	 2014,
  howpublished = {\emph{Daily Beast}, 31 January 2014, \url{https://www.thedailybeast.com/people-who-have-had-rebound-sex-tell-us-why-it-is-awesome}}}

@Article{shrage05:_expos_fallac_anti_femin,
  author = 	 {Laurie Shrage},
  title = 	 {Exposing the Fallacies of Anti-porn Feminism},
  journal = 	 {Feminist Theory},
  year = 	 2005,
  volume = 	 6}

@Book{shrage93:_moral_dilem_femin,
  author = 	 {Laurie Shrage},
  title = 	 {Moral Dilemmas of Feminism: Prostituion, Adultery and Abortion},
  publisher = 	 {Routledge},
  year = 	 1993}

@Misc{shugerman17:_prost_could_be_legal_calif,
  author = 	 {Emily Shugerman},
  title = 	 {Prostitution Could Be Legalised in California after Case Is Allowed to Go Forward},
  howpublished = {\emph{The Independent}, 20 October 2017. \url{https://www.independent.co.uk/news/world/americas/california-prostitution-legalisation-sex-work-case-allowed-go-forward-a8011306.html}},
  year = 	 2017}

@InCollection{siebers12:_sexual_cultur_disab_peopl,
  author = 	 {Tobin Siebers},
  title = 	 {A Sexual Culture for Disabled People},
  booktitle = 	 {Sex and Disability},
  publisher = {Duke University Press},
  year = 	 2012,
  editor = 	 {Robert McRuer and Anna Mollow}}

@Misc{sink12:_justic_scalia_defen_compar_laws_homos_murder,
  author = 	 {Justin Sink},
  title = 	 {Justice Scalia Defends Comparing Laws against Homosexuality, Murder},
  howpublished = {\emph{The Hill}, 11 December 2012. \url{https://thehill.com/blogs/blog-briefing-room/news/272161-scalia-defends-equating-bans-on-gay-marriage-murder}},
  year = 	 2012}

@Misc{sisley19:_common_myths_porn_debun_porn_perfor,
  author = 	 {Dominique Sisley},
  title = 	 {Common Myths about Porn, Debunked by a Porn Performer},
  howpublished = {\emph{VICE}, 4 February 2019. \url{https://www.vice.com/en_us/article/mbzvaa/porn-performer-reality-myth-job}},
  year = 	 2019}

@Misc{slyfox17:_sex_worker_consen,
  author = 	 {Sadie Slyfox},
  title = 	 {A Sex Worker's Consent: Solidarity, Not Sanctimony},
  howpublished = {\emph{Overland}, 10 November 2017. \url{https://overland.org.au/2017/11/a-sex-workers-consent-solidarity-not-sanctimony/}},
  year = 	 2017}

@Misc{smardon20:_polyg_is_decrim_utah,
  author = 	 {Andrea Smardon},
  title = 	 {Polygamy Is about to be Decriminalised in Utah. Is It Good News for Women?},
  howpublished = {\emph{The Guardian}, 5 March 2020.  https://www.theguardian.com/lifeandstyle/2020/mar/05/polygamy-isabout-to-be-decriminalised-in-utah-is-it-good-news-for-women},
  year = 	 2020}

@Misc{smith14:_porn_produc,
  author = 	 {Chris Smith and Amelia Butterly},
  title = 	 {Porn Producer: I Wish My Films Were Shown in Schools},
  howpublished = {\emph{BBC}, 10 April 2014. \url{http://www.bbc.co.uk/newsbeat/article/26960528/porn-producer-i-wish-my-filmswere-shown-in-schools}},
  year = 	 2014}

@Misc{smith18:_micros_ban_offen_languag_skype,
  author = 	 {Ms. Smith},
  title = 	 {Microsoft to Ban `Offensive Language' from Skype, Xbox, Office and Other Services},
  howpublished = {\emph{CS Online}, 26 March 2018. \url{https://www.csoonline.com/article/564944/microsoft-to-ban-offensive-language-from-skype-xbox-office-and-other-services.html}},
  year = 	 2018}

@Article{snagowski15:_implic_assoc_cyber_addic,
  author = 	 {J. Snagowski and E. Wegmann and J. Pekal and C. Laier and M. Brand},
  title = 	 {Implicit Associations in Cybersex Addiction: Adaption of an Implicit-Association Test with Pornographic Pictures},
  journal = 	 {Addictive Behaviors},
  year = 	 2015,
  volume = 	 49}

@Article{snyder08:_what_is_thir_wave_femin,
  author = 	 {R. Claire Snyder},
  title = 	 {What Is Third-Wave Feminism? A New Directions Essay},
  journal = 	 {Signs},
  year = 	 2008,
  volume = 	 34,
  number = 	 1}

@Article{soble03:_kant_sexual_perver,
  author = 	 {Alan Soble},
  title = 	 {Kant and Sexual Perversion},
  journal = 	 {The Monist},
  year = 	 2003,
  volume = 	 86,
  number = 	 1}

@InCollection{soble87:_unity_roman_love,
  author = 	 {Alan Soble},
  title = 	 {The Unity of Romantic Love},
  booktitle = 	 {Sex, Love and Friendship: Studies of the Society for the Philosophy of Sex and Love},
  publisher = {Rodopi},
  year = 	 1987,
  editor = 	 {Alan Soble}}

@InCollection{soble97:_union_auton_concer,
  author = 	 {Alan Soble},
  title = 	 {Union, Autonomy, and Concern},
  booktitle = 	 {Love Analyzed},
  publisher = {Westvew Press},
  year = 	 1997,
  editor = 	 {Roger Lamb}}

@Misc{soh16:_insig_kinky_nonmon_sex,
  author = 	 {Debra Soh},
  title = 	 {3 Insights about Kinky and Nonmonogamous Sex},
  howpublished = {\emph{The Cut}, 28 April 2016. \url{http://nymag.com/scienceofus/2016/04/3-insights-about-kinky-and-nonmonogamous-sex.html}},
  year = 	 2016}

@Misc{soldier17:_no_havin_genit,
  author = 	 {{Toy Soldier}},
  title = 	 {No, Having Genital Preferences for Dating Doesn't Mean You're Anti-Trans},
  howpublished = {\emph{Toy Solider} (blog), 28 April
  2017. \url{https://toysoldier.wordpress.com/2017/04/28/no-having-genital-preferences-for-dating-doesnt-mean-youre-anti-trans/}},
  year = 	 2017}

@Misc{solnit15:_men_explain_lolit_me,
  author = 	 {Rebecca Solnit},
  title = 	 {Men Explain Lolita to Me},
  howpublished = { \emph{Literary Hub}, 17 December 2015. \url{https://lithub.com/men-explain-lolita-to-me/}},
  year = 	 2015}

@InCollection{solot06:_takin_gover_out_marriag_busin,
  author = 	 {Dorian Solot and Marshall Miller},
  title = 	 {Taking Government Out of the Marriage Business: Families Would Benefit},
  booktitle = 	 {Marriage Proposals: Questioning a Legal Status},
  publisher = {NYU Press},
  year = 	 2006,
  editor = 	 {Anita Bernstein}}

@Misc{somarriba15:_porn_indus_is_abusiv_these,
  author = 	 {Mary Rose Somarriba},
  title = 	 {The Porn Industry Is Abusive, and These Women Are Telling It Like It Is},
  howpublished = { \emph{Verily}, 5 August 2015. \url{https://verilymag.com/2015/08/porn-industry-playboy-mansion-sex-trafficking-belle-knox-rashida-jones-holly-madison}},
  year = 	 2015}

@Misc{soroptimist17:_prost_is_not_choic,
  author = 	 {Soroptimist},
  title = 	 {Prostitution Is Not a Choice},
  howpublished = {\emph{Soroptomist White Paper}, 2007, revised 2014. \url{https://sitahoesierra.org/abstracts/Prostitution%20is%20not%20a%20choice.pdf}},
  year = 	 2017}

@Misc{sosa11:_remov_sexual_explic_conten,
  author = 	 {Keyser Sosa},
  title = 	 {Removing Sexually Explicit Content from r/all},
  howpublished = {Reddit.com. \url{https://www.reddit.com/r/changelog/comments/lhnvok/removing_sexually_explicit_content_from_rall/}},
  year = 	 2011}

@InCollection{sousa18:_how_think_yours_out_jealous,
  author = 	 {Ronald {de Sousa}},
  title = 	 {How to Think Yourself Out of Jealousy},
  booktitle = 	 {Shadows of the Soul: Philosophical Perspectives on Negative Emotions},
  publisher = {Routledge},
  year = 	 2018,
  editor = 	 {Christine Tappolet and Fabrice Teroni and Anita Konzelmann Ziv}}

@InCollection{sousa18:_love_jealous_comper,
  author = 	 {Ronald {de Sousa}},
  title = 	 {Love, Jealousy, and Compersion},
  booktitle = 	 {The Oxford Handbook of Philosophy of Love},
  crossref =  {grau24:_oxfor_handb_philos_love},
  year = 	 2018,
  editor = 	 {Christopher Grau and Aaron Smuts}}

@Misc{squires11:_divor_wife_he_discov_affair,
  author = 	 {Nick Squires},
  title = 	 {99-year-old Divorces Wife after He Discovered 1940s Affair},
  howpublished = {\emph{The Telegraph}, 29 December 2011. \url{https://www.telegraph.co.uk/news/newstopics/howaboutthat/8982958/99-year-old-divorces-wife-after-he-discovered-1940s-affair.html}},
  year = 	 2011}

@Article{srebnik99:_advan_direc_mental_healt_treat,
  author = 	 {Debra S. Srebnik and John Q. La Fond},
  title = 	 {Advance Directives for Mental Health Treatment},
  journal = 	 {Psychiatric Services},
  year = 	 1999,
  volume = 	 50}

@Misc{srinivasan18:_does_anyon_have_right_sex,
  author = 	 {Amia Srinivasan},
  title = 	 {Does Anyone Have the Right to Sex?},
  howpublished = {\emph{London Review of Books}, 22 March 2018.  \url{https://www.lrb.co.uk/the-paper/v40/n06/amia-srinivasan/does-anyone-have-the-right-to-sex}},
  year = 	 2018}

@Misc{stack16:_light_senten_brock,
  author = 	 {Liam Stack},
  title = 	 {Light Sentence for Brock Turner in Stanford Rape Case Draws Outrage},
  howpublished = {\emph{The New York Times}, 6 June 2016. \url{https://www.nytimes.com/2016/06/07/us/outrage-in-stanford-rape-case-over-dueling-statements-of-victim-and-attackers-father.html}},
  year = 	 2016}

@Misc{stardust17:_stigm_sex_work_comes_high_cost,
  author = 	 {Zahra Zsuzsanna Stardust},
  title = 	 {The Stigma of Sex Work Comes with a High Cost},
  howpublished = { \emph{The Conversation}, August 9, 2017. \url{https://theconversation.com/the-stigma-of-sex-work-comes-with-a-highcost-79657}},
  year = 	 2017}

@Article{starkweather12:_survey_non_class_polyan,
  author = 	 {Katherine E. Starkweather and Raymond Hames},
  title = 	 {A Survey of Non-Classical Polyandry},
  journal = 	 {Human Nature},
  year = 	 2012,
  volume = 	 23,
  number = 	 2}

@Misc{steinem15:_faceb,
  author = 	 {Gloria Steinem},
  title = 	 {Facebook},
  howpublished = {\url{https://www.facebook.com/GloriaSteinem/posts/sex-work-may-have-been-invented-in-the-us-inall-goodwill-but-it-has-been-a-dang/10152648966132854/}},
  year = 	 2015}

@Misc{stephen67:liberty,
  author = 	 {James Fitzjames Stephen},
  year = 	 1967,
  howpublished = {\emph{Liberty, Equality, Fraternity}, R. J. White, ed. Cambridge University Press}}

@Misc{stevens13:_shoul_femin_be_critic_compul_monog,
  author = 	 {Angi Becker Stevens},
  title = 	 {Should Feminists Be Critical of Compulsory Monogamy},
  howpublished = {\emph{Ms}, 6 August  2013. \url{http://msmagazine.com/blog/2013/08/06/should-feminists-be-critical-of-compulsory-monogamy/}},
  year = 	 2013}

@Misc{stokel-walker18:_why_is_it_ok_onlin,
  author = 	 {Chris Stokel-Walker},
  annote = 	 {これマッカーサーまちがってる},
  title = 	 {Why Is It OK for Online Daters to Block
  Whole Ethnic Groups?},
  howpublished = {\emph{The Gardian}, 29 September 2018. \url{https://www.theguardian.com/technology/2018/sep/29/wltm-colour-blind-dating-app-racial-discrimination-grindr-tinder-algorithm-racism}},
  year = 	 2018}

@Book{stoller93:_comin_attrac,
  author = 	 {Robert Stoller and I. S. Levine},
  title = 	 {Coming Attractions: The Making of an X-Rated Video},
  publisher = 	 {Vail-Ballou Press},
  year = 	 1993}

@Article{stone13:_flexib_queer_serious_bodies,
  author = 	 {Amy L. Stone},
  title = 	 {Flexible Queers, Serious Bodies: Transgender Inclusion in Queer Spaces},
  volume = 	 {60},
  number = 	 {12},
  journal = 	 {Journal of Homosexuality},
  year = 	 2013}

@Article{strassberg02:_crime_polyg,
  author = 	 {Maura Strassberg},
  title = 	 {The Crime of Polygamy},
  journal = 	 {Temple Political and Civil Rights Law Review},
  year = 	 2002,
  volume = 	 12}

@Article{strassberg15:_scrut_polyg,
  author = 	 {M. I. Strassberg},
  title = 	 {Scrutinizing Polygamy: Utah's Brown v. Buhman and British Columbia's Reference Re: Section 293},
  journal = 	 {Emory Law Journal},
  year = 	 2015,
  volume = 	 64}

@Misc{striker11:_i_never_called_it_rape,
  author = 	 {Kitty Striker},
  title = 	 {I Never Called It Rape: Addressing Abuse in BDSM Communities},
  howpublished = { \emph{Good Vibes Blog}, 7 December 2011. \url{https://goodvibesblog.com/i-never-called-it-rape-addressing-abuse-in-bdsmcommunities/}},
  note = 	 {2025年現在ドメイン消失．著者はKitty Strykerとして \url{https://kittystryker.com/}で執筆している．},
  year = 	 2011}

@Article{sunstein08:_privat_marriag,
  author = 	 {Cass Sunstein and Richard H. Thaler},
  title = 	 {Privatizing Marriage},
  journal = 	 {Monist},
  year = 	 2008,
  volume = 	 91}

@Article{sunstein17:_statem_i_most_regret,
  author = 	 {Cass R. Sunstein},
  title = 	 {The Statements I Most Regret},
  journal = 	 {Econ Journal Watch},
  year = 	 2017,
  volume = 	 14}

@Book{sunstein95:_democ_probl_free_speec,
  author = 	 {Cass R. Sunstein},
  title = 	 {Democracy and the Problem of Free Speech},
  publisher = 	 {The Free Press},
  year = 	 1995}

@Misc{svoboda16:_probl_moder_roman_is_too_much_choic,
  author = 	 {Elizabeth Svoboda},
  title = 	 {The Problem with Modern Romance Is Too Much Choice},
  howpublished = {\emph{Nautilus}, 6 October 2016. \url{http://nautil.us/issue/41/selection/the-problem-with-modern-romance-is-too-much-choice}},
  year = 	 2016}

@Misc{swann18:_is_porn_indus_doing_enoug,
  author = 	 {Jennifer Swann},
  title = 	 {Is the Porn Industry Doing Enough for Performers' Mental Health?},
  howpublished = {\emph{Rolling Stone}, 18 January 2018. \url{https://www.rollingstone.com/culture/culture-features/is-the-porn-industry-doing-enough-for-performers-mental-health-200072/}},
  year = 	 2018}

@Misc{sweden10:_repor_sou,
  author = 	 {{Government of Sweden}},
  title = 	 {Report {SOU} 2010:49: The Ban against the Purchase of Sexual Services: An Evaluation 1999--2008},
  howpublished = {Swedish Institute, 2010.},
  note = 	 {（アクセス不能，アーカイブは\url{https://web.archive.org/web/20210513134811/https://ec.europa.eu/anti-trafficking/sites/antitrafficking/files/the_ban_against_the_purchase_of_sexual_services._an_evaluation_1999-2008_1.pdf}
）},
  year = 	 2010}

@Misc{swire17:_shoul_leadin_onlin_tech_compan,
  author = 	 {Peter Swire},
  title = 	 {Should the Leading Online Tech Companies Be Regulated as Public Utilities?},
  howpublished = {\emph{Lawfare Blog}, 2 August 2017. \url{https://www.lawfaremedia.org/article/should-leading-online-tech-companies-be-regulated-public-utilities}},
  year = 	 2017}

@Misc{szalavitz14:_is_it_possib_creat_anti_love_drug,
  author = 	 {Maia Szalavitz},
  title = 	 {Is It Possible to Create an Anti-Love Drug?},
  howpublished = {\emph{The Cut}, 19 May 2014. \url{https://www.thecut.com/2014/05/anti-love-drugs-will-change-how-we-end-romances.html}},
  year = 	 2014}

@Misc{tallon-hicks16:_can_you_be_femin_like_rough_sex,
  author = 	 {Yana Tallon-Hicks},
  title = 	 {Can You Be a Feminist and Like Rough Sex?},
  howpublished = {\emph{Mashable}, 9 February 2016. \url{https://mashable.com/2016/02/09/feminist-rough-sex/}},
  year = 	 2016}

@Misc{tani15:_sex_worker_explain_differ_legal_decrim_prost,
  author = 	 {Maxwell Tani},
  title = 	 {Sex Worker Explains the Difference between Legalizing and Decriminalizing Prostitution},
  howpublished = {\emph{Business Insider}, 10 June 2015. \url{https://www.businessinsider.com/sex-worker-explains-the-difference-between-legalizing-and-decriminalizing-prostitution-2015-6}},
  year = 	 2015}

@Misc{tannehill19:_is_refus_date,
  author = 	 {Brynn Tannehill},
  title = 	 {Is Refusing to Date Trans People Transphobic?},
  howpublished = {\emph{The Advocate}, 14 December 2019. \url{https://www.advocate.com/commentary/2019/12/14/refusing-date-trans-people-transphobic}},
  year = 	 2019}

@Book{taormino08:_openin_up,
  author = 	 {Tristan Taormino},
  title = 	 {Opening Up: A Guide to Creating and Sustaining Open Relationships},
  publisher = 	 {Cleis Press Inc.},
  year = 	 2008}

@Article{tatum16:_proxim_minor_stres_proces_subjec,
  author = 	 {A.K. Tatum},
  title = 	 {Proximal Minority Stress Processes and Subjective Well-Being of Leathermen},
  journal = 	 {Psychology of Sexual Orientation and Gender Diversity},
  year = 	 2016,
  volume = 	 3,
  number = 	 3}

@Article{taylor16:_is_pornog_reall_makin_hate_women,
  author = 	 {Taylor Kohut and Jodie L. Baer and and Brendan Watts},
  title = 	 {Is Pornography Really about `Making Hate to Women'? Pornography Users Hold More Gender Egalitarian Attitudes Than Nonusers in a Representative American Sample},
  journal = 	 {The Journal of Sex Research},
  year = 	 2016,
  volume = 	 53}
@Article{thomas20:_bdsm_traum_play,
  author = 	 {Jeremy N. Thomas},
  title = 	 {BDSM as Trauma Play: An Autoethnographic Investigation},
  journal = 	 {Sexualities},
  year = 	 2020,
  volume = 	 23}

@Misc{thorpe16:_why_won_some_peopl_date_bisex,
  author = 	 {J.R. Thorpe},
  title = 	 {Why Won't Some People Date Bisexuals?},
  howpublished = {\emph{Bustle}, 8 September 2016. https://www.bustle.com/articles/182670-why-wont-some-people-date-bisexuals-a-new-study-confirms-thatbiphobia-is-still-alive},
  year = 	 2016}

@Article{tiehen18:_virtual_ethic_creep_act,
  author = 	 {Justin Tiehen},
  title = 	 {Virtual Ethics and the CREEPER Act},
  journal = 	 {Seattle University Law Review},
  year = 	 2018,
  volume = 	 41}

@Misc{tierney17:_why_are_tran,
  author = 	 {Allison Tierney},
  title = 	 {Why Are Trans People Being Banned from Tinder?},
  howpublished = {\emph{VICE}, 14 December 2017. \url{https://www.vice.com/en/article/xwvaaz/why-are-trans-people-being-banned-from-tinder}},
  note = 	 {（2025年現在アクセス不能，Wayback Machineに保存されているものは\url{https://web.archive.org/web/20210326161515/https://www.vice.com/en/article/xwvaaz/why-are-trans-people-being-banned-from-tinder}）},
  year = 	 2017}

@Article{torcello08:_is_state_endor_any_marriag_justif,
  author = 	 {Lawrence G. Torcello},
  title = 	 {Is the State Endorsement of Any Marriage Justifiable? Same-Sex Marriage, Civil Unions, and the Marriage Privatization Model},
  journal = 	 {Public Affairs Quarterly},
  year = 	 2008,
  volume = 	 2,
  number = 	 1}

@Misc{toronto21:_what_do_pornh_chang_mean_sex_worker,
  author = 	 {{Maggie's Toronto}},
  title = 	 {What Do Pornhub Changes Mean for Sex Workers?},
  howpublished = {\emph{Maggie's Toronto}, 13 January 2021. \url{https://www.maggiesto.org/post/pornhubchanges}},
  year = 	 2021,
  note = 	 {ページは2025年アクセス不能だが団体サイト\url{https://www.maggiesto.org/}はアクセスできる}}

@Article{traeger20:_vulner_robot_posit_shape_human,
  author = 	 {Margaret L. Traeger and Sarah Strohkorb Sebo and Malte Jung and Brian Scassellati and Nicholas A. Christakis},
  title = 	 {Vulnerable Robots Positively Shape Human Conversational Dynamics in a Human--Robot Team},
  journal = 	 {PNAS},
  year = 	 2020,
  volume = 	 117,
  number = 	 12}

@Article{tsoulis87:_heter,
  author = 	 {Alexa Tsoulis},
  title = 	 {Heterosexuality -- A Feminist Option?},
  journal = 	 {Spare Rib},
  year = 	 1987,
  volume = 	 179}

@Book{turkle11:_alone_toget,
  author = 	 {Sherry Turkle},
  title = 	 {Alone Together: Why We Expect More from Technology and Less from Each Other},
  publisher = 	 {Basic Books},
  note = 	 {（シェリー・タークル，『つながっているのに孤独：人生を豊かにするはずのインターネットの招待』，度会圭子訳，ダイアモンド社，2018）},
  year = 	 2011}

@Article{turkle18:_relat_artif_child_elder,
  author = 	 {Sherry Turkle and Will Taggar and Cory D. Kidd and Olivia Dasté},
  title = 	 {Relational Artifacts with Children and Elders: The Complexities of Cybercompanionship},
  volume = 	 {18},
  journal = 	 {Connection Science},
  year = 	 2018}

@Article{twenge17:_declin_sexual_frequen,
  author = 	 {Jean M. Twenge and Ryne A. Sherman and Brooke E. Wells},
  title = 	 {Declines in Sexual Frequency among American Adults, 1989--2014},
  journal = 	 {Archives of Sexual Behavior},
  year = 	 2017,
  volume = 	 46,
  number = 	 8}

@Article{twenge17:_sexual_inact_durin,
  author = 	 {Jean M. Twenge and Ryne A. Sherman and Brooke E. Wells},
  title = 	 {Sexual Inactivity During Young Adulthood Is More Common among U.S. Millennials and iGen: Age, Period, and Cohort Effects on Having No Sexual Partners after Age 18},
  journal = 	 {Archives of Sexual Behavior},
  year = 	 2017,
  volume = 	 46,
  number = 	 2}

@Misc{nick11:_bdsm_rape,
  author = 	 {{Nick W.}},
  title = 	 {BDSM \& Rape: What Now?},
  howpublished = {(comment), CharlieGlickman.com, 11 August 2011. \url{https://charlieglickman.com/bdsm-rape-what-now/}},
  year = 	 2011}

@Misc{university25:_what_is_consen,
  author = 	 {{University of California, Riverside}},
  title = 	 {What Is Consent?},
  howpublished = {\url{https://care.ucr.edu/education/what-is-consent}},
  year = 	 {n.d.}}

@Misc{valens20:_repor_says_shadow_is_real,
  author = 	 {Ana Valens},
  title = 	 {Report Says Shadowbanning Is Real---and It's Suppressing Sex Workers},
  howpublished = {\emph{Daily Dot}, 17 October 2020. \url{https://archive.md/7PtS2}},
  year = 	 2020},
  note = 	 {（2025年現在オリジナルはアクセス不能のようなので，archive.todayのものに差し替えた）}

@Article{vandervort12:_affir_sexual_consen_canad_law,
  author = 	 {Lucinda Vandervort},
  title = 	 {Affirmative Sexual Consent in Canadian Law, Jurisprudence, and Legal Theory},
  journal = 	 {Columbia Journal of Gender and Law},
  year = 	 2012,
  volume = 	 23}

@Article{vehmas19:_person_profoun_intel_disab_their_right_sex,
  author = 	 {Simo Vehmas},
  title = 	 {Persons with Profound Intellectual Disability and Their Right to Sex},
  journal = 	 {Disability and Society},
  year = 	 2019,
  volume = 	 34,
  number = 	 4}

@Misc{villalva12:_gay_activ_rebuk_bully_santor,
  author = 	 {Brittney R. Villalva},
  title = 	 {Gay Activists Rebuked for `Bullying' Santorum over
  Opposition to Gay Marriage},
  howpublished = {\emph{Christian Post}, 17 January
  2012. \url{https://test.christianpost.com/news/gay-activists-
    rebuked-for-bullying-santorum-over-opposition-to-gay-marriage.html}},
  year = 	 2012}

@Misc{volokh05:_volok_consp,
  author = 	 {Dale Carpenter},
  title = 	 {The Traditionalist Case---Individualistic Benefits to Children},
  howpublished = {\emph{The Volokh Conspiracy}, 1 November
    2005. \url{https://volokh.com/2005/11/01/the-traditionalist-case-individualistic-benefits-to-children/}},
  year = 	 2005}

@Misc{wachter-grene16:_conver_arian_cruz,
  author = 	 {Kirin Wachter-Grene},
  title = 	 {A Conversation with Ariane Cruz},
  howpublished = {\emph{The Black Scholar}, 7 November  2016. \url{https://www.theblackscholar.org/conversation-ariane-cruz-kirin-wachter-grene/}},
  year = 	 2016}

@Misc{walker92:_becom_thir_wave,
  year = 	 1992,
  author = 	 {Rebecca Walker},
  title = 	 {Becoming the Third Wave},
  howpublished = {\emph{Ms. Magazine}, January 1992}}

@Book{walker95:_to_be_real,
  editor = 	 {Rebecca Walker},
  title = 	 {To Be Real: Telling the Truth and Changing the Face of Feminism},
  publisher = 	 {Anchor},
  year = 	 1995}

@Misc{waltman10:_prohib_purch_sex_sweden,
  author = 	 {Max Waltman},
  title = 	 {Prohibiting Purchase of Sex in Sweden: Impact, Obstacles, Potential, and Supporting Escape},
  howpublished = {Stockholm University Department of Political Science, Working Paper No. 22},
  year = 	 2010}

@Misc{wasley18:_two_amput_week,
  author = 	 {Andrew Wasley and Christopher D. Cook and Natalie Jones},
  title = 	 {Two Amputations a Week: The Cost of Working in a US Meat Plant},
  howpublished = {\emph{The Guardian}, 5 July 2018. \url{https://www.theguardian.com/environment/2018/jul/05/amputations-serious-injuries-us-meat-industry-plant}},
  year = 	 2018}

@Misc{watch19:_why_sex_work_shoul_be_decrim,
  author = 	 {{Human Rights Watch}},
  title = 	 {Why Sex Work Should Be Decriminalized},
  howpublished = {\url{https://www.hrw.org/news/2019/08/07/why-sex-work-should-be-decriminalized}},
  year = 	 2019}

@Misc{wayne15:_death_party,
  author = 	 {Teddy Wayne},
  title = 	 {The Death of the Party},
  year = 	 2015,
  howpublished = { \emph{The  New York Times}, 16 September 2015.
  \url{https://www.nytimes.com/2015/09/17/fashion/death-of-the-party.html}}}

@Article{weille02:_psych_consen_sadom_domin_submis_sexual_games,
  author = 	 {K.-L.H. Weille},
  title = 	 {The Psychodynamics of Consensual Sadomasochistic and Dominant/Submissive Sexual Games},
  journal = 	 {Studies in Gender and Sexuality},
  year = 	 2002,
  volume = 	 3}

@Misc{weisman18:_when_sex_worker_do_labor_therap,
  author = 	 {Carrie Weisman},
  title = 	 {When Sex Workers Do the Labor of Therapists},
  howpublished = {\emph{In These Times}, 18 March 2018. \url{https://inthesetimes.com/article/sex-work-labor-clients-therapist-depression-autistic-spectrum-disorder}},
  year = 	 2018}

@Book{weiss11:_techn_pleas,
  author = 	 {Margo Weiss},
  title = 	 {Techniques of Pleasure: BDSM and the Circuits
    of Sexuality},
  publisher = 	 {Duke University Press},
  year = 	 2011}

@Misc{weiss15:_what_are_psyc,
  author = 	 {Robert Weiss},
  title = 	 {What Are the Psychological Effects of Casual Sex?},
  howpublished = {Psychology Today, 8 June 2015. \url{https://www.psychologytoday.com/blog/love-and-sex-in-the-digital-age/201506/what-are-the-psychological-effects-casual-sex}},
  month = 	 6,
  year = 	 2015}

@Misc{weiss19:_these_men_love_their_sex,
  author = 	 {Suzy Weiss},
  title = 	 {These Men Love Their Sex Doll Wives because They Won't Cheat},
  howpublished = {\emph{New York Post}, 7 October 2019. \url{https://nypost.com/2019/10/07/these-men-love-their-sex-doll-wives-and-dont-care-who-knows/}},
  year = 	 2019}

@Misc{weller15:_econom_has_contr_solut_china,
  author = 	 {Chris Weller},
  title = 	 {An Economist Has a Controversial Solution to China's Massive Bachelor Problem},
  howpublished = { \emph{Business Insider}, 26 October 2015. \url{https://www.businessinsider.com/how-to-fix-chinas-bachelor-problem-2015-10}},
  year = 	 2015}

@Article{west20:_consen_legit_dysph,
  author = 	 {Robin West},
  title = 	 {Consent, Legitimation, and Dysphoria},
  journal = 	 {Modern Law Review},
  year = 	 2020,
  volume = 	 83,
  number = 	 1}

@Article{whelan21:_pornog_addic,
  author = 	 {G. Whelan and J. Brown},
  title = 	 {Pornography Addiction: An Exploration of the Association between Perceived Addiction, Erectile Dysfunction, Premature (Early) Ejaculation, and Sexual Satisfaction in Males Aged 18--44 Years},
  volume = 	 {18},
  number = 	 {9},
  journal = 	 {Journal of Sexual Medicine},
  year = 	 2021}

@Article{whisman07:_sexual_infid_nation_survey_americ_women,
  author = 	 {M. A. Whisman and D. K. Snyder},
  title = 	 {Sexual Infidelity in a National Survey of American Women: Differences in Prevalence and Correlates as a Function of Method of Assessment},
  journal = 	 {Journal of Family Psychology},
  year = 	 2007,
  volume = 	 21}

@Misc{white17:_how_trans_affec_sex_drive_porn_consum,
  author = 	 {Mattie White},
  title = 	 {How Transitioning Affects Sex Drive and Porn Consumption},
  howpublished = {\emph{VICE}, 18 September 2017. \url{https://www.vice.com/en/article/how-transitioning-affects-sex-drive-and-porn-consumption/}},
  year = 	 2017}

@Book{wichterich00:_global_woman,
  author = 	 {Christa Wichterich},
  title = 	 {The Globalized Woman},
  publisher = 	 {Spinifex},
  year = 	 2000}

@InCollection{wilkinson10:_whats_queer_non_monog_now,
  author = 	 {Eleanor Wilkinson},
  title = 	 {What's Queer about Non-Monogamy Now?},
  booktitle = 	 {Understanding Non-Monogamies},
  publisher = {Routledge},
  year = 	 2010,
  editor = 	 {Meg Barker and Darren Langrdridge}}

@Misc{wilkinson17:_troub_case_uk_woman_convic_gender_fraud,
  author = 	 {Sophie Wilkinson},
  title = 	 {The Troubling Case of a UK Woman Convicted of `Gender Fraud'},
  howpublished = {\emph{VICE}, 22 December 2017. \url{https://www.vice.com/en_ca/article/43qvz9/the-troubling-case-of-a-uk-woman-convicted-of-gender-fraud}},
  note = 	 {（2025年現在アクセス不能, Wayback Machineに保存されているものは\url{https://web.archive.org/web/20190604211655/https://www.vice.com/en_ca/article/43qvz9/the-troubling-case-of-a-uk-woman-convicted-of-gender-fraud}）},
  year = 	 2017}



@InCollection{willis84:_femin_moral_pornog,
  author = 	 {Ellen Willis},
  title = 	 {Feminism, Moralism and Pornography},
  booktitle = 	 {Powers of Desire: The Politics of Sexuality},
  publisher = {Virago},
  year = 	 1984,
  editor = 	 {A. Snitow and C. Stansell and S. Thompson}}

@Book{willis92:_no_more_nice_girls,
  author = 	 {Ellen  Willis},
  title = 	 {No More Nice Girls: Countercultural Essays},
  publisher = 	 {University of Minnesota Press},
  year = 	 1992}

@Misc{wilson20:_where_did_all_lesbian_bars_go,
  author = 	 {Lena Wilson},
  title = 	 {Where Did All the Lesbian Bars Go? Increasingly, They're on TV},
  howpublished = {\emph{The New York Times}, 7 May 2020. \url{https://www.nytimes.com/2020/05/07/arts/television/lesbian-bars-vida-l-word-batwoman.html}},
  year = 	 2020}

@Misc{wischhover15:_why_im_still_doing_porn,
  author = 	 {Cheryl Wischhover},
  title = 	 {Why I'm Still Doing Porn in My Late 50s},
  howpublished = {\emph{Cosmopolitan}, 19 May 2015. \url{https://www.cosmopolitan.com/sex-love/a40596/nina-hartley-porn-late-50s/}},
  year = 	 2015}

@Article{witt13:_what_do_you_desir,
  author = 	 {Emily Witt},
  title = 	 {What Do You Desire?},
  journal = 	 {n+1},
  year = 	 2013,
  volume = 	 16,
  note = 	 {\url{https://nplusonemag.com/issue-16/essays/what-do-you-desire/}}}

@Misc{witt18:_after_closur_backp_increas_vulner,
  author = 	 {Emily Witt},
  title = 	 {After the Closure of Backpage, Increasingly Vulnerable Sex Workers Are Demanding Their Rights},
  howpublished = {\emph{New Yorker}, 8 June 2018. \url{https://www.newyorker.com/news/dispatch/after-the-closure-of-backpage-increasingly-vulnerable-sex-workers-are-demanding-their-rights}},
  year = 	 2018}

@Article{witte01:_goods_goals_marriag,
  author = 	 {Witte, Jr., John},
  title = 	 {The Goods
  and Goals of Marriage},
  journal = 	 {Notre Dame Law Review},
  year = 	 2001,
  volume = 	 76}

@Book{wollfenden57:_repor_commit_homos_offen_prost,
  author = 	 {{Committee on Homosexual Offences and Prostitution}},
  title = 	 {Report of the Committee on Homosexual Offences and Prostitution},
  publisher = 	 {Her Majesty's Stationery Office},
  year = 	 1957}

@Misc{wong17:_watch_what_happen_when_these,
  author = 	 {Curtis M. Wong},
  title = 	 {Watch What Happened When These Two Men Swapped
  Grindr Profiles},
  howpublished = {\emph{Huffington Post}, 17 September
  2017. \url{https://www.huffingtonpost.ca/entry/grindr-profile-swap-what-
    the-flip_n_59bd352de4b0edff971c810c?ri18n=true}},
  year = 	 2017}

@Book{wood08:_kantian_ethic,
  author = 	 {Allen Wood},
  title = 	 {Kantian Ethics},
  publisher = 	 {Cambridge University Press},
  year = 	 2008}

@Misc{woodward16:_calls_austr_adopt_nordic_model_prost,
  author = 	 {Sabrina Woodward},
  title = 	 {Calls for Australia to Adopt `Nordic Model' on Prostitution},
  howpublished = {\emph{SBS News}, 6 June 2016. \url{https://www.sbs.com.au/news/calls-for-australia-to-adopt-nordic-model-on-prostitution}},
  year = 	 2016}

@Misc{woodyatt20:_grace_millan_rise_shades_defen_murder_trial,
  author = 	 {Amy Woodyatt},
  title = 	 {Grace Millane and the Rise of the `50 Shades' Defense in Murder Trials},
  howpublished = {\emph{CNN}, 21 February 2020. \url{https://www.cnn.com/2020/02/21/world/grace-millane-sex-game-gone-wrong-intl-gbr/index.html}},
  year = 	 2020}

@Article{woollard19:_promis_paedop_rape_signif_sexual,
  author = 	 {Fiona Woollard},
  title = 	 {Promiscuity, Paedophilia, Rape, and the
  Significance of the Sexual},
  journal = 	 {Public Affairs Quarterly},
  year = 	 2019,
  volume = 	 33,
  number = 	 2}

@Misc{wortham10:_apple_bans_some_apps_sex_tinged_conten,
  author = 	 {Jenna Wortham},
  title = 	 {Apple Bans Some Apps for Sex-Tinged Content},
  howpublished = {\emph{The New York Times}, 22 February 2010. \url{https://www.nytimes.com/2010/02/23/technology/23apps.html}},
  year = 	 2010}

@Article{wright06:_discr_sm_ident_indiv,
  author = 	 {Susan Wright},
  title = 	 {Discrimination of SM-Identified Individuals},
  journal = 	 {Journal of Homosexuality},
  year = 	 2006,
  volume = 	 50,
  number = 	 {2--3}}

@Misc{wright15:_consen_violat_survey,
  author = 	 {SUsan Wright and Russell J. Stambaugh and Derrell Cox},
  title = 	 {Consent Violations Survey},
  howpublished = {\url{https://ncsfreedom.org/wp-content/uploads/2019/12/Consent-Violations-Survey-Analysis-final.pdf}},
  year = 	 2015}

@InCollection{xenophon13:_apolog_socrat,
  author = 	 {Xenophon},
  title = 	 {Apology of Socrates},
  booktitle = 	 {Memorabilia. Oeconomicus. Symposium. Apology},
  publisher = 	 {Harvard University Press},
  series = 	 {trans. E.C. Marchant and O.J. Todd, revised by Jeffrey Henderson, Loeb Classical Library 168},
  year = 	 2013}

@Book{xenophon13:_memor,
  author = 	 {Xenophon},
  title = 	 {Memorabilia. Oeconomicus. Symposium. Apology},
  publisher = 	 {Harvard University Press},
  series = 	 {trans. E.C. Marchant and O.J. Todd, revised by Jeffrey Henderson, Loeb Classical Library 168},
  year = 	 2013}

@Misc{yoffe17:_quest_race_campus_sexual_assaul_cases,
  author = 	 {Emily Yoffe},
  title = 	 {The Question of Race in Campus Sexual-Assault Cases},
  howpublished = {\emph{The
    Atlantic}, 11 September
  2017.
  \url{https://www.theatlantic.com/education/archive/2017/09/the-question-of-race-in-campussexual-assault-cases/539361/}},
  year = 	 2017}

@Misc{yougov14:_poll_resul,
  author = 	 {YouGov},
  title = 	 {Poll Results: Ghosting},
  howpublished = {28 October 2014. \url{https://today.yougov.com/society/articles/10829-poll-results-ghosting}},
  year = 	 2014}

@Misc{young15:_femin_want_us_defin_these,
  author = 	 {Cathy Young},
  title = 	 {Feminists Want Us to Define
    These Ugly Sexual Encounters as Rape. Don't Let Them},
  howpublished = {\emph{The
      Washington Post}, 20 May 2015. \url{https://www.washingtonpost.com/posteverything/wp/2015/05/20/feminists-want-us-to-define-these-ugly-sexual-encounters-as-rape-dont-let-them/}},
  year = 	 2015}

@Misc{zanin14:_poor_persec_perver,
  author = 	 {Andrea Zanin},
  title = 	 {Poor Persecuted Pervert?},
  howpublished = {\emph{Sex Geek}, 27 October 2014. \url{https://sexgeek.wordpress.com/2014/10/27/poor-persecuted-pervert/}},
  year = 	 2014}

@Misc{zavadski15:_paren_can_lose,
  author = 	 {Katie Zavadski},
  title = 	 {Parents Can Lose Custody of Children Just for Being Kinky},
  howpublished = { \emph{Daily Beast}, 18 June 2015. \url{https://www.thedailybeast.com/parents-can-lose-custody-of-children-just-for-being-kinky}},
  year = 	 2015}

@InCollection{zeifman97:_proces_model_adult_attac_format,
  author = 	 {See D. Zeifman and C. Hazan},
  title = 	 {A Process Model of Adult Attachment Formation},

  year = 	 1997,
  booktitle = 	 {Handbook of Personal Relationships: Theory, Research and Interventions},
  publisher = 	 {John Wiley and Sons}}

@Article{zelinsky06:_dereg_marriag,
  author = 	 {Edward A. Zelinsky},
  title = 	 {Deregulating Marriage: The Pro-Marriage Case for Abolishing Civil Marriage},
  journal = 	 {Cardozo Law Review},
  year = 	 2006,
  volume = 	 27}

@Misc{zelinsky08:_marriag,
  author = 	 {Edward A. Zelinsky},
  title = 	 {On Marriage},
  howpublished = {\emph{OUP Blog}, 28 May 2008. \url{https://blog.oup.com/2008/05/on-marriage/}},
  year = 	 2008}

@Misc{zheng14:_how_ace_sex,
  author = 	 {Lily Zheng},
  title = 	 {How to Ace Sex: Why Enthusiastic Consent Doesn't Cut It},
  howpublished = {\emph{Stanford Daily}, 4 November 2014. \url{https://stanforddaily.com/2014/11/04/how-to-ace-sex-why-enthusiastic-consent-doesnt-cut-it/}},
  year = 	 2014}

@Article{zheng16:_why_yellow_fever_isnt_flatt,
  author = 	 {Robin Zheng},
  title = 	 {Why Yellow Fever Isn't
  Flattering: A Case Against Racial Fetishes},
  journal = 	 {Journal of the American
    Philosophical Association},
  year = 	 2016,
  volume = 	 2,
  note = 	 {（ロビン・ゼン，「イエロー・フィーバーはなぜ称賛ではないのか：人種フェチに対する一つの批判」，木下頌子訳，木下頌子他編訳，『分析フェミニズム基本論文集』，慶応大学出版会，2022）},
  number = 	 3}

